3584 5328
731 381 1001 474 J—„5ss

222 621 299 682 μην,
324 585 458 708 Τρόεοτι
481 603 579 688 φέρων
603 602 688 689 χάριν
712 598 936 682 ἱπποδάμοισιν.
962 594 1166 678 Consequens
1183 579 1239 686 'ost
1263 595 1348 676 quod
1375 593 1502 677 legitur
1526 593 1558 658 in

225 709 355 773 narium
379 711 526 793 catalogo
549 731 579 776 ν.
603 717 668 780 824
690 729 759 794 sqq.

439 867 469 931 οἳ
491 871 525 932 δὲ
549 867 673 936 Ζέλειαν
697 870 792 932 ἔναιον
817 867 889 930 όπαὶ
912 865 989 928 πόδα
1014 863 1131 928 νείατον
1154 861 1251 945 Ἴδης,

438 977 549 1061 Τρῶες,
573 985 630 1040 τῶν
655 970 719 1040 αὖτ’
741 969 821 1060 ἦρχε
846 972 1003 1043 Λυκάονος
1026 967 1136 1056 ἀγλαός
1158 967 1228 1040 υἱός.

292 1153 383 1218 Sicut
405 1164 489 1221 enim
514 1174 587 1221 curn
609 1158 758 1223 Dardani
781 1139 901 1219 Troum
925 1147 1054 1216 nomine
1088 1157 1323 1224 contineantur,
1362 1144 1557 1227 Euphorbus

187 1289 188 1298 ι
220 1267 257 1324 et
281 1258 358 1326 Tros
394 1265 582 1344 appellatur
618 1271 650 1328 et
686 1261 859 1332 Dardanus
883 1261 904 1326 i.
929 1261 1006 1327 XVI
1031 1277 1060 1322 ν.
1088 1255 1151 1325 807
1188 1258 1221 1320 et
1258 1253 1352 1322 XVII
1376 1273 1405 1316 ν.
1431 1259 1483 1326 80,
1507 1251 1555 1314 ita

220 1361 393 1432 Pandarus
418 1387 544 1450 quoque
568 1371 601 1434 et
625 1371 737 1436 Zeleae
762 1365 896 1447 incolae,
921 1371 958 1430 ut
982 1373 1068 1431 recte
1091 1347 1179 1428 dieat
1203 1348 1321 1430 Strabo
1346 1362 1423 1440 iil,
1441 1379 1472 1442 p.
1488 1359 1553 1426 453

218 1481 254 1536 θό
278 1477 384 1556 XIIII,
409 1494 444 1557 p.
472 1481 537 1545 574
561 1471 645 1557 λέγει
669 1475 724 1558 μὲν
748 1474 802 1559 γὰρ
827 1473 875 1538 καὶ
898 1481 1001 1542 κοινῶς
1028 1461 1160 1548 ἅπαντας
1182 1457 1290 1554 Τρῶές
1313 1457 1379 1537 τοὺς
1404 1452 1553 1565 συμπολε-

217 1577 375 1664 μήσοντας
399 1581 555 1660 αότοῖς.,.,
580 1581 648 1646 ἀλλ’
673 1580 705 1646 οὒ
731 1580 829 1666 δήπου
852 1578 961 1665 Τροίας
983 1577 1108 1664 ἐροῦμεν
1132 1576 1168 1660 νὴ
1191 1575 1245 1640 Δία
1272 1574 1322 1639 καὶ
1346 1571 1400 1657 τὴν
1424 1568 1552 1655 Παφλα-

217 1684 321 1769 γονίαν
345 1685 414 1750 οόδὲ
438 1685 493 1770 τὴν
526 1687 644 1772 Καρίαν
667 1685 688 1772 ἢ
712 1685 767 1770 τὴν
803 1687 912 1771 ὅμορον
937 1681 1012 1768 αότῇ
1037 1682 1163 1749 Λυδίαν.
1199 1683 1310 1762 Neque
1333 1689 1439 1746 minus
1464 1681 1552 1744 reete

214 1793 307 1880 apud
331 1795 528 1878 Stephanum
553 1798 628 1881 Byz.
654 1815 678 1863 S.
704 1815 732 1860 v.
759 1791 910 1876 Κτημένη
933 1794 1070 1876 legitur:
1093 1787 1178 1860 πόλις
1201 1786 1399 1857 Θετταλίας...
1426 1779 1463 1870 ἧς
1484 1783 1552 1852 τοὺς
1592 1775 1595 1780 ’
1645 1792 1648 1800 ’

218 1899 343 1973 πολίτας
366 1899 506 1988 Ὅμηρος
529 1900 664 1972 Δόλοπάς
687 1923 788 1984 φησιν,
815 1899 853 1972 ὡς
889 1898 1003 1969 Σίντιας
1038 1901 1092 1981 τῆς
1127 1895 1257 1982 Λήμνου
1280 1894 1331 1958 καὶ
1369 1893 1474 1977 Τρῶας
1497 1887 1552 1974 τῆς

215 2009 315 2095 'illico
339 2009 391 2072 καί
413 2007 538 2080 Ζελείας
560 2029 629 2092 sqq.
1021 2085 1024 2099 .
1298 2077 1301 2082 ,

286 2103 377 2181 Adeo
401 2123 508 2182 autem
533 2111 623 2180 illam
647 2117 693 2181 rei
718 2115 877 2180 rationem
912 2109 1030 2200 Strabo
1066 2114 1265 2192 exploratam
1295 2097 1406 2186 habet,
1432 2114 1468 2170 ut
1491 2109 1551 2171 du-

212 2219 318 2303 plices
342 2221 441 2288 fuisse
465 2223 573 2307 Lycios
598 2223 685 2287 dieat
708 2224 732 2286 l.
758 2221 837 2299 XII,
859 2237 886 2286 c.
912 2223 944 2297 8,
971 2217 989 2301 ἓ
1012 2225 1045 2295 4,
1072 2236 1104 2299 p.
1132 2223 1207 2296 572,
1241 2233 1321 2296 qnos
1343 2221 1440 2278 unius
1464 2209 1550 2278 eins-

212 2328 354 2407 denique
379 2330 514 2412 originis
539 2347 607 2393 ease
631 2325 822 2408 suspicatur:
850 2323 878 2387 οἱ
901 2324 989 2387 διττοὶ
1017 2319 1124 2386 Λόκιοι
1146 2329 1197 2384 τοῦ
1222 2318 1313 2384 αὑτοῦ
1350 2317 1454 2406 γένους
1478 2317 1551 2382 όπό-

213 2457 296 2496 νοιοιν
320 2426 511 2520 παρέχουσιν,
536 2433 558 2518 ἢ
583 2443 640 2497 τῶν
664 2433 805 2517 Τρωικῶν
829 2429 849 2517 ἢ
875 2441 931 2494 τῶν
968 2428 1041 2516 πρὸς
1065 2423 1166 2514 Καρίᾳ
1190 2427 1257 2498 τοὺς
1291 2423 1411 2513 ἑτέρους
1436 2423 1549 2520 ἀποικι-

213 2538 340 2609 σάντων,
367 2541 469 2618 Quem
492 2543 685 2610 Plutarchus
709 2549 839 2608 secutus
862 2550 923 2622 est;
948 2549 980 2605 in
1008 2537 1120 2606 libello
1146 2545 1229 2603 enirn
1266 2538 1322 2618 qui
1359 2534 1549 2604 inscribitur

212 2648 262 2712 De
286 2644 461 2712 virtutibus
484 2647 653 2715 mulierum
680 2667 707 2716 ο.
736 2656 754 2716 9
780 2651 1008 2716 Amisodarum
1032 2648 1090 2726 ait,
1118 2643 1150 2708 ὃν
1167 2643 1285 2728 Ἰσάραν
1309 2643 1417 2706 Abatos
1441 2643 1548 2703 καλοῦ-

209 2775 268 2833 etr,
300 2752 383 2836 ἥκειν
407 2753 441 2816 ἐν.
466 2759 520 2836 τῆς
544 2755 612 2840 περὶ
634 2752 759 2818 Ζέλειαν
784 2753 921 2824 ἀποικίας
945 2749 1081 2820 Λυκίων.

281 2865 446 2930 Arrianus
469 2881 596 2944 quoque
620 2861 787 2929 Strabonis
811 2866 851 2928 de
874 2863 984 2950 Lyciis
1007 2861 1121 2926 Zeleae
1144 2841 1331 2926 sententiam
1351 2865 1481 2924 secutus
1496 2866 1544 2921 est

210 2972 245 3033 in
269 2967 446 3052 Bithynicis
470 2969 602 3054 (fragm.
629 2969 670 3039 ’68
694 2973 727 3034 in
750 2959 884 3051 Fragm.
910 2969 993 3034 Hist.
1019 2969 1077 3036 Gr.
1096 2967 1209 3034 Muell.
1225 2969 1285 3032 vol.
1308 2965 1370 3042 ΙΙΙ,
1398 2985 1430 3048 p.
1454 2970 1544 3042 598).

207 3075 313 3158 Quem
337 3077 529 3158 Eustathius
554 3079 595 3144 ad
620 3079 658 3145 ll.
697 3081 721 3142 l.
742 3081 773 3145 ll
790 3098 820 3141 ν.
847 3071 911 3145 aab
936 3085 1108 3142 memoriae
1126 3073 1239 3158 prodit
1263 3077 1342 3141 haec
1365 3081 1542 3156 scripsisse:

207 3179 321 3246 Ζέλεια
345 3179 366 3268 ἡ
391 3182 441 3246 καὶ
476 3180 591 3264 Λυκία,
618 3183 666 3247 καὶ
691 3183 705 3246 ό
729 3169 891 3246 ’Ἀπόλλων
915 3181 967 3246 ἐπί
989 3183 1062 3266 τῇδε
1085 3191 1121 3266 τῇ
1153 3181 1253 3263 Λυκίᾳ
1277 3179 1402 3251 Λόκιος·
1428 3180 1470 3244 διό
1495 3177 1545 3266 καί

209 3287 371 3374 Πανδάρου
395 3285 496 3372 πατὴρ
521 3287 659 3371 Λυκάων,
685 3285 719 3351 οδ
743 3287 840 3374 πόρρω
863 3297 913 3351 τοῦ
935 3281 1066 3354 τοιοότου
1099 3271 1204 3360 ἔθνους
1239 3287 1380 3358 πεσόντος
1403 3295 1454 3350 τοδ
1479 3281 1543 3350 tvt-

208 3415 312 3477 ματος
337 3395 387 3458 καί
410 3396 582 3477 Λυκοχενεῑ
617 3391 786 3460 Ἀπόλλωνι
820 3391 935 3466 ἐκεῖνος
957 3395 1081 3480 εὔχεται
1116 3402 1156 3476 τῷ
1195 3389 1357 3479 ἐπιχωρίῳ.
1393 3399 1429 3462 In
1457 3397 1541 3459 libro

203 3512 316 3569 autem
341 3504 380 3568 de
405 3504 604 3583 expeditione
640 3501 821 3568 Alexandri
844 3503 871 3584 I,
897 3521 924 3568 c.
952 3511 1004 3586 12,
1043 3504 1062 3587 ἓ
1091 3508 1110 3568 8
1146 3505 1284 3568 breviter
1316 3501 1429 3566 Zeleae
1453 3507 1485 3565 et
1509 3519 1538 3568 c.

208 3612 265 3690 17,
292 3610 310 3693 ξ
335 3619 353 3676 n
379 3616 447 3676 eius
470 3605 580 3694 oppidi
604 3599 782 3674 incolarum
807 3618 998 3677 mentionem
1022 3611 1112 3677 facit.
1188 3618 1191 3635 '

278 3715 474 3784 Eustotlcr'os
498 3712 636 3795 denique
661 3716 830 3798 Strabone,
855 3723 891 3780 ut
907 3716 980 3782 fieri
1003 3720 1093 3801 solet,
1118 3709 1273 3784 audacior
1300 3724 1463 3782 asseverat
1497 3719 1539 3782 ad

204 3821 232 3888 i.
259 3825 322 3892 llII
347 3843 377 3890 ν.
407 3827 468 3891 103
493 3831 525 3886 et
550 3821 577 3884 V
603 3841 631 3890 v.
658 3829 734 3904 173,
760 3824 842 3888 sicut
880 3822 1009 3907 Lyciam
1034 3822 1148 3908 μικράν,
1173 3832 1219 3889 ita
1244 3824 1370 3890 Zeleam
1399 3820 1539 3904 antiqui·

190 3939 262 3993 -aus
286 3929 392 4016 μικρὰν
416 3926 527 4013 Τροίαν
550 3927 712 4012 appellari
734 3931 860 3998 solitam
887 3949 968 4012 ease,
995 3936 1036 3996 ad
1060 3933 1085 4000 1.
1111 3935 1142 4000 ll
1166 3951 1198 3998 ν.
1228 3940 1303 4016 824,
1328 3932 1471 3996 Pandari
1495 3938 1538 3996 ci·
1652 3979 1656 3995 .

206 4055 273 4112 ven,
299 4033 415 4117 inquit,
452 4033 485 4097 οό
521 4033 610 4116 μόνον
635 4032 810 4117 Ζελειῶται,
837 4033 986 4101 ἀλλὰκαὶ
1018 4028 1129 4122 Τρῶες,
1164 4035 1225 4122 ἤδη
1259 4033 1292 4100 δέ
1330 4038 1380 4106 καί
1413 4036 1535 4100 Λόκιοι.

204 4143 363 4227 τριωνυμία
389 4135 438 4205 οόν
462 4139 568 4225 ἐδνικὴ
594 4141 644 4206 καὶ
667 4139 808 4225 ἐνταῦθα,
833 4143 871 4214 ὡς
893 4145 943 4206 καὶ
966 4142 1018 4207 ἐπὶ
1047 4152 1104 4206 τῶν
1133 4143 1325 4229 Μυρμιδόνων
1354 4143 1534 4230 προείρηται.

206 4253 297 4319 Idem
321 4251 554 4317 commentariis
577 4253 619 4318 ad
644 4251 787 4338 Dionysii
814 4271 846 4319 ν.
871 4255 935 4321 857
961 4249 1061 4334 διτταί,
1088 4250 1399 4335 1ουιι1ι,οἰΛὺκιιι,
1426 4251 1464 4323 ὡς
1488 4249 1537 4316 κου’

203 4355 331 4440 Ὁμήρῳ
356 4359 451 4437 δοκεῖ,
479 4354 505 4418 οἱ
531 4355 584 4437 μὲν
607 4354 749 4441 Τρωικοὶ,
786 4356 866 4421 καθὰ
900 4357 949 4424 καὶ
972 4357 986 4419 ὁ
1011 4356 1182 4443 γεωχρόφος
1219 4359 1321 4443 φησὶν,
1347 4355 1374 4420 οἱ
1397 4356 1430 4420 δὲ
1463 4357 1536 4442 πρὸς

203 4473 244 4548 τῇ
268 4461 379 4548 Καρίᾳ.
403 4464 540 4546 Ἀδηλον
564 4463 598 4525 δέ
623 4460 742 4549 πότεροι
765 4465 832 4536 τοός
856 4461 976 4549 ἑτέρους
1012 4463 1173 4548 ἀπῴκισαν.
1198 4470 1278 4556 Cum
1305 4468 1408 4549 igitur
1431 4488 1535 4550 neque

203 4573 528 4658 antQAristarc'hum
565 4572 633 4638 ulla
668 4571 745 4639 fieri
781 4579 926 4642 rideatur
963 4574 1101 4659 duplicis
1129 4580 1251 4661 Lyciae
1288 4585 1532 4660 mentiensque
1615 4609 1618 4615 s

203 4681 279 4761 post
302 4697 374 4743 eum
399 4686 460 4743 nist
484 4682 526 4744 ab
549 4677 604 4757 eis,
644 4685 702 4761 qui
729 4684 854 4747 tantam
889 4685 1113 4750 auctoritatem
1153 4687 1381 4768 sequebantur,
1407 4702 1472 4767 qua
1495 4707 1534 4756 re
