<?xml version="1.0" encoding="UTF-8"?>
<!DOCTYPE html PUBLIC "-//W3C//DTD XHTML 1.0 Transitional//EN"
    "http://www.w3.org/TR/xhtml1/DTD/xhtml1-transitional.dtd">
<html xmlns="http://www.w3.org/1999/xhtml" xml:lang="en" lang="en">
 <head>
  <title>
</title>
<meta http-equiv="Content-Type" content="text/html;charset=utf-8" />
  <meta name='ocr-system' content='tesseract 3.04.00' />
  <meta name='ocr-capabilities' content='ocr_page ocr_carea ocr_par ocr_line ocrx_word'/>
</head>
<body>
  <div class='ocr_page' id='page_1' title='image "./depandarovenato00schmgoog_0036.png"; bbox 0 0 3584 5328; ppageno 0'>
   <div class='ocr_carea' id='block_1_1' title="bbox 749 330 1007 426">
    <p class='ocr_par' dir='ltr' id='par_1_1' title="bbox 749 330 1007 426">
     <span class='ocr_line' id='line_1_1' title="bbox 749 330 1007 426; baseline 0 0"><span class='ocrx_word' id='word_1_1' title='bbox 749 330 1007 426; x_wconf 76' lang='lat'>-31-&#39;</span> 
     </span>
    </p>
   </div>
   <div class='ocr_carea' id='block_1_2' title="bbox 188 511 1519 744">
    <p class='ocr_par' dir='ltr' id='par_1_2' title="bbox 188 511 1519 744">
     <span class='ocr_line' id='line_1_2' title="bbox 188 511 1519 632; baseline -0.003 -14"><span class='ocrx_word' id='word_1_2' title='bbox 188 555 336 620; x_wconf 89' lang='lat' dir='ltr'><strong>manibus</strong></span> <span class='ocrx_word' id='word_1_3' title='bbox 371 511 556 632; x_wconf 82' lang='lat' dir='ltr'><strong>contrectat,</strong></span> <span class='ocrx_word' id='word_1_4' title='bbox 582 560 665 618; x_wconf 90' lang='lat' dir='ltr'><strong>siout</strong></span> <span class='ocrx_word' id='word_1_5' title='bbox 690 555 784 620; x_wconf 88' lang='lat' dir='ltr'><strong>Paris</strong></span> <span class='ocrx_word' id='word_1_6' title='bbox 813 555 855 619; x_wconf 92' lang='grc' dir='ltr'><strong>ΙΙ.</strong></span> <span class='ocrx_word' id='word_1_7' title='bbox 880 555 902 622; x_wconf 91' lang='lat' dir='ltr'><strong>l.</strong></span> <span class='ocrx_word' id='word_1_8' title='bbox 926 554 972 620; x_wconf 84' lang='lat' dir='ltr'><strong>Vl</strong></span> <span class='ocrx_word' id='word_1_9' title='bbox 997 570 1025 618; x_wconf 87' lang='grc' dir='ltr'>ν,</span> <span class='ocrx_word' id='word_1_10' title='bbox 1051 558 1126 624; x_wconf 86' lang='grc'><strong>322,</strong></span> <span class='ocrx_word' id='word_1_11' title='bbox 1152 557 1184 616; x_wconf 92' lang='lat' dir='ltr'><strong>et</strong></span> <span class='ocrx_word' id='word_1_12' title='bbox 1207 553 1307 616; x_wconf 86' lang='lat' dir='ltr'><strong>oeulis</strong></span> <span class='ocrx_word' id='word_1_13' title='bbox 1337 554 1519 630; x_wconf 78' lang='lat' dir='ltr'><strong>collustrat,</strong></span> 
     </span>
     <span class='ocr_line' id='line_1_3' title="bbox 188 657 682 744; baseline 0.004 -20"><span class='ocrx_word' id='word_1_14' title='bbox 188 667 224 723; x_wconf 84' lang='lat' dir='ltr'><strong>nt</strong></span> <span class='ocrx_word' id='word_1_15' title='bbox 246 668 295 726; x_wconf 79' lang='lat' dir='ltr'><strong>est</strong></span> <span class='ocrx_word' id='word_1_16' title='bbox 318 657 377 729; x_wconf 89' lang='lat' dir='ltr'><strong>Od.</strong></span> <span class='ocrx_word' id='word_1_17' title='bbox 401 663 426 728; x_wconf 87' lang='lat' dir='ltr'><strong>i.</strong></span> <span class='ocrx_word' id='word_1_18' title='bbox 452 663 528 728; x_wconf 80' lang='lat' dir='ltr'><strong>xxi</strong></span> <span class='ocrx_word' id='word_1_19' title='bbox 552 681 580 730; x_wconf 83' lang='lat' dir='ltr'><strong>u.</strong></span> <span class='ocrx_word' id='word_1_20' title='bbox 605 663 682 744; x_wconf 81' lang='lat'><strong>395,</strong></span> 
     </span>
    </p>
   </div>
   <div class='ocr_carea' id='block_1_3' title="bbox 400 817 1151 1012">
    <p class='ocr_par' dir='ltr' id='par_1_3' title="bbox 400 817 1151 1012">
     <span class='ocr_line' id='line_1_4' title="bbox 681 817 1151 903; baseline 0.002 -23"><span class='ocrx_word' id='word_1_21' title='bbox 681 817 863 903; x_wconf 81' lang='grc' dir='ltr'>πειρώμενος</span> <span class='ocrx_word' id='word_1_22' title='bbox 886 817 961 880; x_wconf 80' lang='grc' dir='ltr'>ἔνθα</span> <span class='ocrx_word' id='word_1_23' title='bbox 986 817 1037 880; x_wconf 83' lang='grc' dir='ltr'>καὶ</span> <span class='ocrx_word' id='word_1_24' title='bbox 1060 817 1151 896; x_wconf 72' lang='grc' dir='ltr'>ἔνθα,</span> 
     </span>
     <span class='ocr_line' id='line_1_5' title="bbox 400 920 1147 1012; baseline 0.001 -23"><span class='ocrx_word' id='word_1_25' title='bbox 400 926 441 1010; x_wconf 84' lang='grc' dir='ltr'><strong>μὴ</strong></span> <span class='ocrx_word' id='word_1_26' title='bbox 467 924 540 1012; x_wconf 77' lang='grc' dir='ltr'>κέρα</span> <span class='ocrx_word' id='word_1_27' title='bbox 563 920 632 996; x_wconf 76' lang='grc' dir='ltr'>ἶπες</span> <span class='ocrx_word' id='word_1_28' title='bbox 657 927 749 988; x_wconf 82' lang='grc' dir='ltr'>ἔδοιεν</span> <span class='ocrx_word' id='word_1_29' title='bbox 775 921 988 1010; x_wconf 79' lang='grc' dir='ltr'>ἀποιχομένοιο</span> <span class='ocrx_word' id='word_1_30' title='bbox 1013 923 1147 996; x_wconf 81' lang='grc' dir='ltr'>ἄνακτος.</span> 
     </span>
    </p>
   </div>
   <div class='ocr_carea' id='block_1_4' title="bbox 167 1087 1575 4171">
    <p class='ocr_par' dir='ltr' id='par_1_4' title="bbox 167 1087 1575 3418">
     <span class='ocr_line' id='line_1_6' title="bbox 255 1087 1522 1167; baseline -0.002 -14"><span class='ocrx_word' id='word_1_31' title='bbox 255 1090 299 1153; x_wconf 91' lang='lat' dir='ltr'><strong>Ut</strong></span> <span class='ocrx_word' id='word_1_32' title='bbox 322 1095 405 1154; x_wconf 92' lang='lat' dir='ltr'><strong>enim</strong></span> <span class='ocrx_word' id='word_1_33' title='bbox 429 1091 575 1154; x_wconf 87' lang='lat' dir='ltr'><strong>omittam</strong></span> <span class='ocrx_word' id='word_1_34' title='bbox 598 1094 716 1154; x_wconf 82' lang='lat' dir='ltr'><strong>insecta</strong></span> <span class='ocrx_word' id='word_1_35' title='bbox 741 1089 809 1165; x_wconf 82' lang='lat' dir='ltr'><strong>illa,</strong></span> <span class='ocrx_word' id='word_1_36' title='bbox 835 1106 975 1167; x_wconf 90' lang='lat' dir='ltr'><strong>quarum</strong></span> <span class='ocrx_word' id='word_1_37' title='bbox 1018 1090 1129 1151; x_wconf 85' lang='lat' dir='ltr'><strong>laruae</strong></span> <span class='ocrx_word' id='word_1_38' title='bbox 1152 1104 1235 1167; x_wconf 89' lang='lat' dir='ltr'><strong>qnae</strong></span> <span class='ocrx_word' id='word_1_39' title='bbox 1260 1104 1344 1152; x_wconf 89' lang='lat' dir='ltr'><strong>nuno</strong></span> <span class='ocrx_word' id='word_1_40' title='bbox 1368 1087 1522 1150; x_wconf 81' lang='lat' dir='ltr'><strong>dicuntur</strong></span> 
     </span>
     <span class='ocr_line' id='line_1_7' title="bbox 186 1191 1520 1272; baseline -0.004 -9"><span class='ocrx_word' id='word_1_41' title='bbox 186 1214 258 1263; x_wconf 88' lang='lat' dir='ltr'><strong>ossa</strong></span> <span class='ocrx_word' id='word_1_42' title='bbox 282 1197 314 1260; x_wconf 89' lang='lat' dir='ltr'><strong>et</strong></span> <span class='ocrx_word' id='word_1_43' title='bbox 337 1213 461 1262; x_wconf 82' lang='lat' dir='ltr'><strong>cornua</strong></span> <span class='ocrx_word' id='word_1_44' title='bbox 484 1197 671 1261; x_wconf 88' lang='lat' dir='ltr'><strong>animalium</strong></span> <span class='ocrx_word' id='word_1_45' title='bbox 694 1201 726 1257; x_wconf 94' lang='lat' dir='ltr'><strong>in</strong></span> <span class='ocrx_word' id='word_1_46' title='bbox 753 1191 863 1261; x_wconf 84' lang='lat' dir='ltr'><strong>Africa</strong></span> <span class='ocrx_word' id='word_1_47' title='bbox 886 1197 1056 1272; x_wconf 81' lang='lat' dir='ltr'><strong>amodum,</strong></span> <span class='ocrx_word' id='word_1_48' title='bbox 1084 1196 1124 1258; x_wconf 91' lang='lat' dir='ltr'><strong>de</strong></span> <span class='ocrx_word' id='word_1_49' title='bbox 1147 1191 1264 1272; x_wconf 85' lang='lat' dir='ltr'><strong>quibus</strong></span> <span class='ocrx_word' id='word_1_50' title='bbox 1285 1195 1406 1257; x_wconf 91' lang='lat' dir='ltr'><strong>dudum</strong></span> <span class='ocrx_word' id='word_1_51' title='bbox 1421 1193 1462 1258; x_wconf 89' lang='lat' dir='ltr'><strong>A.</strong></span> <span class='ocrx_word' id='word_1_52' title='bbox 1478 1195 1520 1258; x_wconf 89' lang='lat' dir='ltr'><strong>H.</strong></span> 
     </span>
     <span class='ocr_line' id='line_1_8' title="bbox 188 1281 1575 1385; baseline -0.005 -15"><span class='ocrx_word' id='word_1_53' title='bbox 188 1304 327 1385; x_wconf 89' lang='lat' dir='ltr'><strong>Haliday</strong></span> <span class='ocrx_word' id='word_1_54' title='bbox 365 1299 400 1365; x_wconf 91' lang='lat' dir='ltr'><strong>in</strong></span> <span class='ocrx_word' id='word_1_55' title='bbox 438 1298 700 1366; x_wconf 85' lang='lat' dir='ltr'><strong>commentariolo</strong></span> <span class='ocrx_word' id='word_1_56' title='bbox 734 1298 783 1364; x_wconf 89' lang='lat' dir='ltr'><strong>On</strong></span> <span class='ocrx_word' id='word_1_57' title='bbox 816 1302 906 1365; x_wconf 83' lang='lat' dir='ltr'><strong>larue</strong></span> <span class='ocrx_word' id='word_1_58' title='bbox 948 1299 1104 1382; x_wconf 82' lang='lat' dir='ltr'><strong>infesting</strong></span> <span class='ocrx_word' id='word_1_59' title='bbox 1139 1301 1195 1366; x_wconf 88' lang='lat' dir='ltr'><strong>the</strong></span> <span class='ocrx_word' id='word_1_60' title='bbox 1233 1301 1332 1366; x_wconf 85' lang='lat' dir='ltr'><strong>honus</strong></span> <span class='ocrx_word' id='word_1_61' title='bbox 1355 1299 1391 1364; x_wconf 88' lang='lat' dir='ltr'><strong>ol</strong></span> <span class='ocrx_word' id='word_1_62' title='bbox 1421 1297 1521 1364; x_wconf 89' lang='lat' dir='ltr'><strong>Oreas</strong></span> <span class='ocrx_word' id='word_1_63' title='bbox 1571 1281 1575 1291; x_wconf 48' lang='lat'><strong><em>⁴</em></strong></span> 
     </span>
     <span class='ocr_line' id='line_1_9' title="bbox 187 1405 1518 1490; baseline -0.003 -12"><span class='ocrx_word' id='word_1_64' title='bbox 187 1413 298 1478; x_wconf 86' lang='lat' dir='ltr'><strong>Canna</strong></span> <span class='ocrx_word' id='word_1_65' title='bbox 321 1411 495 1476; x_wconf 82' lang='lat' dir='ltr'><strong>Annalium</strong></span> <span class='ocrx_word' id='word_1_66' title='bbox 519 1416 575 1488; x_wconf 91' lang='lat' dir='ltr'><strong>qui</strong></span> <span class='ocrx_word' id='word_1_67' title='bbox 598 1406 724 1490; x_wconf 85' lang='lat' dir='ltr'><strong>anglice</strong></span> <span class='ocrx_word' id='word_1_68' title='bbox 759 1405 984 1472; x_wconf 89' lang='lat' dir='ltr'><strong>inscribuntur</strong></span> <span class='ocrx_word' id='word_1_69' title='bbox 1020 1410 1097 1474; x_wconf 87' lang='lat' dir='ltr'><strong>Nat.</strong></span> <span class='ocrx_word' id='word_1_70' title='bbox 1123 1407 1208 1472; x_wconf 89' lang='lat' dir='ltr'><strong>Hist.</strong></span> <span class='ocrx_word' id='word_1_71' title='bbox 1233 1408 1357 1472; x_wconf 84' lang='lat' dir='ltr'><strong>Review</strong></span> <span class='ocrx_word' id='word_1_72' title='bbox 1387 1407 1447 1470; x_wconf 86' lang='lat' dir='ltr'><strong>uol.</strong></span> <span class='ocrx_word' id='word_1_73' title='bbox 1473 1411 1518 1474; x_wconf 90' lang='lat' dir='ltr'><strong>iii</strong></span> 
     </span>
     <span class='ocr_line' id='line_1_10' title="bbox 186 1510 1520 1600; baseline -0.002 -20"><span class='ocrx_word' id='word_1_74' title='bbox 186 1518 343 1582; x_wconf 88' lang='lat' dir='ltr'><strong>Prooeed.</strong></span> <span class='ocrx_word' id='word_1_75' title='bbox 370 1539 398 1600; x_wconf 90' lang='lat' dir='ltr'><strong>p.</strong></span> <span class='ocrx_word' id='word_1_76' title='bbox 426 1520 467 1582; x_wconf 86' lang='grc'><strong>23</strong></span> <span class='ocrx_word' id='word_1_77' title='bbox 491 1520 622 1594; x_wconf 84' lang='lat' dir='ltr'><strong>inserto,</strong></span> <span class='ocrx_word' id='word_1_78' title='bbox 648 1532 749 1596; x_wconf 81' lang='lat' dir='ltr'>nuper</span> <span class='ocrx_word' id='word_1_79' title='bbox 772 1516 902 1580; x_wconf 78' lang='lat' dir='ltr'><strong>Walter</strong></span> <span class='ocrx_word' id='word_1_80' title='bbox 939 1515 976 1578; x_wconf 86' lang='lat' dir='ltr'><strong>F.</strong></span> <span class='ocrx_word' id='word_1_81' title='bbox 1001 1515 1044 1577; x_wconf 94' lang='grc' dir='ltr'><strong>Η.</strong></span> <span class='ocrx_word' id='word_1_82' title='bbox 1078 1514 1256 1582; x_wconf 80' lang='lat' dir='ltr'><strong>Blandiord</strong></span> <span class='ocrx_word' id='word_1_83' title='bbox 1280 1521 1313 1578; x_wconf 92' lang='lat' dir='ltr'><strong>in</strong></span> <span class='ocrx_word' id='word_1_84' title='bbox 1337 1510 1520 1578; x_wconf 82' lang='lat' dir='ltr'><strong>Annalibus</strong></span> 
     </span>
     <span class='ocr_line' id='line_1_11' title="bbox 187 1621 1518 1704; baseline -0.003 -18"><span class='ocrx_word' id='word_1_85' title='bbox 187 1631 244 1704; x_wconf 89' lang='lat' dir='ltr'><strong>qui</strong></span> <span class='ocrx_word' id='word_1_86' title='bbox 266 1626 488 1688; x_wconf 86' lang='lat' dir='ltr'><strong>inscribuntur</strong></span> <span class='ocrx_word' id='word_1_87' title='bbox 512 1625 636 1692; x_wconf 82' lang='lat' dir='ltr'><strong>Nature</strong></span> <span class='ocrx_word' id='word_1_88' title='bbox 662 1624 723 1688; x_wconf 86' lang='lat' dir='ltr'><strong>vol.</strong></span> <span class='ocrx_word' id='word_1_89' title='bbox 750 1621 884 1698; x_wconf 84' lang='lat' dir='ltr'><strong>LVllll.</strong></span> <span class='ocrx_word' id='word_1_90' title='bbox 911 1623 951 1688; x_wconf 75' lang='lat' dir='ltr'><strong>ia</strong></span> <span class='ocrx_word' id='word_1_91' title='bbox 978 1626 1061 1690; x_wconf 85' lang='grc'><strong>1528</strong></span> <span class='ocrx_word' id='word_1_92' title='bbox 1085 1629 1117 1686; x_wconf 93' lang='lat' dir='ltr'><strong>et</strong></span> <span class='ocrx_word' id='word_1_93' title='bbox 1142 1627 1186 1692; x_wconf 91' lang='lat' dir='ltr'><strong>M.</strong></span> <span class='ocrx_word' id='word_1_94' title='bbox 1214 1625 1254 1686; x_wconf 90' lang='lat' dir='ltr'><strong>de</strong></span> <span class='ocrx_word' id='word_1_95' title='bbox 1278 1623 1409 1686; x_wconf 91' lang='lat' dir='ltr'><strong>Ioannis</strong></span> <span class='ocrx_word' id='word_1_96' title='bbox 1426 1627 1459 1684; x_wconf 93' lang='lat' dir='ltr'><strong>in</strong></span> <span class='ocrx_word' id='word_1_97' title='bbox 1472 1623 1518 1686; x_wconf 91' lang='lat' dir='ltr'><strong>eis</strong></span> 
     </span>
     <span class='ocr_line' id='line_1_12' title="bbox 186 1727 1517 1814; baseline -0.002 -20"><span class='ocrx_word' id='word_1_98' title='bbox 186 1731 242 1811; x_wconf 93' lang='lat' dir='ltr'><strong>qui</strong></span> <span class='ocrx_word' id='word_1_99' title='bbox 265 1728 490 1796; x_wconf 85' lang='lat' dir='ltr'><strong>inscribuntur</strong></span> <span class='ocrx_word' id='word_1_100' title='bbox 526 1730 671 1795; x_wconf 86' lang='lat' dir='ltr'><strong>Bullatin</strong></span> <span class='ocrx_word' id='word_1_101' title='bbox 696 1731 736 1795; x_wconf 90' lang='lat' dir='ltr'><strong>de</strong></span> <span class='ocrx_word' id='word_1_102' title='bbox 762 1729 793 1794; x_wconf 93' lang='lat' dir='ltr'><strong>la</strong></span> <span class='ocrx_word' id='word_1_103' title='bbox 822 1727 943 1795; x_wconf 81' lang='lat' dir='ltr'><strong>Societe</strong></span> <span class='ocrx_word' id='word_1_104' title='bbox 978 1732 1242 1812; x_wconf 85' lang='lat' dir='ltr'><strong>entomologique</strong></span> <span class='ocrx_word' id='word_1_105' title='bbox 1280 1731 1457 1814; x_wconf 79' lang='lat' dir='ltr'><strong>Franqaise</strong></span> <span class='ocrx_word' id='word_1_106' title='bbox 1485 1749 1517 1794; x_wconf 90' lang='lat' dir='ltr'><strong>a.</strong></span> 
     </span>
     <span class='ocr_line' id='line_1_13' title="bbox 186 1834 1519 1919; baseline -0.005 -15"><span class='ocrx_word' id='word_1_107' title='bbox 186 1839 528 1912; x_wconf 85' lang='lat' dir='ltr'><strong>MDGOGLXXXXH,</strong></span> <span class='ocrx_word' id='word_1_108' title='bbox 572 1855 609 1918; x_wconf 87' lang='lat' dir='ltr'><strong>p.</strong></span> <span class='ocrx_word' id='word_1_109' title='bbox 635 1843 696 1904; x_wconf 86' lang='grc'><strong>129</strong></span> <span class='ocrx_word' id='word_1_110' title='bbox 732 1846 882 1917; x_wconf 79' lang='lat' dir='ltr'><strong>egerunt,</strong></span> <span class='ocrx_word' id='word_1_111' title='bbox 907 1834 942 1900; x_wconf 90' lang='lat' dir='ltr'><strong>in</strong></span> <span class='ocrx_word' id='word_1_112' title='bbox 966 1841 1096 1917; x_wconf 82' lang='lat' dir='ltr'><strong>Europa</strong></span> <span class='ocrx_word' id='word_1_113' title='bbox 1135 1854 1262 1916; x_wconf 90' lang='lat' dir='ltr'><strong>quoque</strong></span> <span class='ocrx_word' id='word_1_114' title='bbox 1301 1845 1369 1901; x_wconf 87' lang='lat' dir='ltr'><strong>eius</strong></span> <span class='ocrx_word' id='word_1_115' title='bbox 1392 1841 1519 1919; x_wconf 86' lang='lat' dir='ltr'><strong>generis</strong></span> 
     </span>
     <span class='ocr_line' id='line_1_14' title="bbox 185 1938 1519 2026; baseline -0.004 -16"><span class='ocrx_word' id='word_1_116' title='bbox 185 1946 340 2011; x_wconf 89' lang='lat' dir='ltr'><strong>animalia</strong></span> <span class='ocrx_word' id='word_1_117' title='bbox 364 1961 432 2008; x_wconf 88' lang='lat' dir='ltr'><strong>esse</strong></span> <span class='ocrx_word' id='word_1_118' title='bbox 464 1953 662 2026; x_wconf 80' lang='lat' dir='ltr'><strong>apparator</strong></span> <span class='ocrx_word' id='word_1_119' title='bbox 687 1943 738 2006; x_wconf 91' lang='lat' dir='ltr'><strong>W.</strong></span> <span class='ocrx_word' id='word_1_120' title='bbox 763 1943 800 2006; x_wconf 82' lang='lat' dir='ltr'><strong>F.</strong></span> <span class='ocrx_word' id='word_1_121' title='bbox 824 1942 995 2008; x_wconf 86' lang='lat' dir='ltr'><strong>Erichsoui</strong></span> <span class='ocrx_word' id='word_1_122' title='bbox 1018 1944 1100 2008; x_wconf 89' lang='lat' dir='ltr'><strong>libro</strong></span> <span class='ocrx_word' id='word_1_123' title='bbox 1115 1946 1155 2008; x_wconf 94' lang='lat' dir='ltr'><strong>de</strong></span> <span class='ocrx_word' id='word_1_124' title='bbox 1171 1943 1301 2009; x_wconf 84' lang='lat' dir='ltr'><strong>inseetis</strong></span> <span class='ocrx_word' id='word_1_125' title='bbox 1324 1938 1519 2008; x_wconf 81' lang='lat' dir='ltr'><strong>Germaniae</strong></span> 
     </span>
     <span class='ocr_line' id='line_1_15' title="bbox 185 2050 1519 2130; baseline -0.001 -14"><span class='ocrx_word' id='word_1_126' title='bbox 185 2054 272 2116; x_wconf 88' lang='lat' dir='ltr'><strong>edito</strong></span> <span class='ocrx_word' id='word_1_127' title='bbox 295 2069 326 2118; x_wconf 89' lang='lat' dir='ltr'><strong>a.</strong></span> <span class='ocrx_word' id='word_1_128' title='bbox 351 2050 713 2127; x_wconf 80' lang='lat' dir='ltr'>MDCOGXXXXVIIL</span> <span class='ocrx_word' id='word_1_129' title='bbox 738 2069 771 2130; x_wconf 91' lang='lat' dir='ltr'><strong>p.</strong></span> <span class='ocrx_word' id='word_1_130' title='bbox 799 2057 877 2130; x_wconf 86' lang='grc'><strong>423;</strong></span> <span class='ocrx_word' id='word_1_131' title='bbox 904 2054 995 2116; x_wconf 90' lang='lat' dir='ltr'><strong>docet</strong></span> <span class='ocrx_word' id='word_1_132' title='bbox 1017 2059 1101 2116; x_wconf 92' lang='lat' dir='ltr'><strong>enim</strong></span> <span class='ocrx_word' id='word_1_133' title='bbox 1119 2055 1227 2116; x_wconf 72' lang='lat' dir='ltr'><strong>latrias</strong></span> <span class='ocrx_word' id='word_1_134' title='bbox 1252 2052 1519 2116; x_wconf 86' lang='lat' dir='ltr'><strong>dermestinarum</strong></span> 
     </span>
     <span class='ocr_line' id='line_1_16' title="bbox 185 2153 1519 2240; baseline -0.001 -19"><span class='ocrx_word' id='word_1_135' title='bbox 185 2175 268 2238; x_wconf 90' lang='lat' dir='ltr'><strong>quae</strong></span> <span class='ocrx_word' id='word_1_136' title='bbox 291 2168 446 2222; x_wconf 86' lang='lat' dir='ltr'><strong>uocantur</strong></span> <span class='ocrx_word' id='word_1_137' title='bbox 470 2176 533 2222; x_wconf 90' lang='lat' dir='ltr'><strong>non</strong></span> <span class='ocrx_word' id='word_1_138' title='bbox 559 2159 649 2240; x_wconf 85' lang='lat' dir='ltr'><strong>ligno</strong></span> <span class='ocrx_word' id='word_1_139' title='bbox 674 2160 788 2235; x_wconf 88' lang='lat' dir='ltr'><strong>solum,</strong></span> <span class='ocrx_word' id='word_1_140' title='bbox 814 2160 870 2223; x_wconf 91' lang='lat' dir='ltr'><strong>sed</strong></span> <span class='ocrx_word' id='word_1_141' title='bbox 893 2160 1044 2225; x_wconf 86' lang='lat' dir='ltr'><strong>cornibus</strong></span> <span class='ocrx_word' id='word_1_142' title='bbox 1057 2175 1184 2240; x_wconf 90' lang='lat' dir='ltr'><strong>quoque</strong></span> <span class='ocrx_word' id='word_1_143' title='bbox 1201 2157 1319 2222; x_wconf 88' lang='lat' dir='ltr'><strong>infesta</strong></span> <span class='ocrx_word' id='word_1_144' title='bbox 1344 2167 1422 2221; x_wconf 82' lang='lat' dir='ltr'><strong>esse&#39;.</strong></span> <span class='ocrx_word' id='word_1_145' title='bbox 1447 2153 1519 2220; x_wconf 90' lang='lat' dir='ltr'><strong>Una</strong></span> 
     </span>
     <span class='ocr_line' id='line_1_17' title="bbox 184 2261 1519 2344; baseline 0 -16"><span class='ocrx_word' id='word_1_146' title='bbox 184 2273 293 2328; x_wconf 88' lang='lat' dir='ltr'><strong>autem</strong></span> <span class='ocrx_word' id='word_1_147' title='bbox 318 2282 429 2329; x_wconf 90' lang='lat' dir='ltr'><strong>earnm</strong></span> <span class='ocrx_word' id='word_1_148' title='bbox 450 2261 593 2344; x_wconf 72' lang='lat' dir='ltr'><strong>,species</strong></span> <span class='ocrx_word' id='word_1_149' title='bbox 629 2283 714 2331; x_wconf 91' lang='lat' dir='ltr'><strong>nune</strong></span> <span class='ocrx_word' id='word_1_150' title='bbox 738 2278 867 2344; x_wconf 88' lang='lat' dir='ltr'><strong>quoque</strong></span> <span class='ocrx_word' id='word_1_151' title='bbox 907 2273 939 2328; x_wconf 94' lang='lat' dir='ltr'><strong>in</strong></span> <span class='ocrx_word' id='word_1_152' title='bbox 974 2263 1112 2330; x_wconf 84' lang='lat' dir='ltr'><strong>Graecia</strong></span> <span class='ocrx_word' id='word_1_153' title='bbox 1143 2266 1317 2343; x_wconf 84' lang='lat' dir='ltr'><strong>invenitur,</strong></span> <span class='ocrx_word' id='word_1_154' title='bbox 1345 2266 1519 2331; x_wconf 86' lang='lat' dir='ltr'><strong>dermestes</strong></span> 
     </span>
     <span class='ocr_line' id='line_1_18' title="bbox 167 2369 1518 2455; baseline 0.002 -21"><span class='ocrx_word' id='word_1_155' title='bbox 167 2369 346 2455; x_wconf 49' lang='lat' dir='ltr'><strong>*uulpinum</strong></span> <span class='ocrx_word' id='word_1_156' title='bbox 371 2389 469 2452; x_wconf 90' lang='lat' dir='ltr'><strong>quam</strong></span> <span class='ocrx_word' id='word_1_157' title='bbox 493 2369 647 2436; x_wconf 79' lang='lat' dir='ltr'><strong>describit</strong></span> <span class='ocrx_word' id='word_1_158' title='bbox 669 2372 785 2438; x_wconf 85' lang='lat' dir='ltr'><strong>Brulle&#39;</strong></span> <span class='ocrx_word' id='word_1_159' title='bbox 810 2375 873 2440; x_wconf 87' lang='lat' dir='ltr'><strong>vol.</strong></span> <span class='ocrx_word' id='word_1_160' title='bbox 900 2371 959 2438; x_wconf 91' lang='grc' dir='ltr'><strong>ΙΙΙ.</strong></span> <span class='ocrx_word' id='word_1_161' title='bbox 987 2391 1019 2453; x_wconf 82' lang='lat' dir='ltr'><strong>p.</strong></span> <span class='ocrx_word' id='word_1_162' title='bbox 1050 2377 1109 2438; x_wconf 86' lang='grc'><strong>163</strong></span> <span class='ocrx_word' id='word_1_163' title='bbox 1142 2372 1371 2452; x_wconf 86' lang='lat' dir='ltr'><strong>Descriptionis</strong></span> <span class='ocrx_word' id='word_1_164' title='bbox 1395 2373 1518 2438; x_wconf 86' lang='lat' dir='ltr'><strong>itineris</strong></span> 
     </span>
     <span class='ocr_line' id='line_1_19' title="bbox 184 2477 1518 2560; baseline 0 -18"><span class='ocrx_word' id='word_1_165' title='bbox 184 2478 455 2560; x_wconf 83' lang='lat' dir='ltr'><strong>aFranoogallts</strong></span> <span class='ocrx_word' id='word_1_166' title='bbox 478 2485 511 2540; x_wconf 90' lang='lat' dir='ltr'><strong>in</strong></span> <span class='ocrx_word' id='word_1_167' title='bbox 535 2481 789 2559; x_wconf 86' lang='lat' dir='ltr'><strong>Peloponnesum</strong></span> <span class='ocrx_word' id='word_1_168' title='bbox 815 2486 953 2546; x_wconf 91' lang='lat' dir='ltr'><strong>naturae</strong></span> <span class='ocrx_word' id='word_1_169' title='bbox 987 2478 1058 2544; x_wconf 88' lang='lat' dir='ltr'><strong>eius</strong></span> <span class='ocrx_word' id='word_1_170' title='bbox 1094 2477 1304 2559; x_wconf 82' lang='lat' dir='ltr'><strong>inquirendae</strong></span> <span class='ocrx_word' id='word_1_171' title='bbox 1330 2497 1428 2544; x_wconf 88' lang='lat' dir='ltr'><strong>causa</strong></span> <span class='ocrx_word' id='word_1_172' title='bbox 1452 2497 1518 2543; x_wconf 90' lang='lat' dir='ltr'><strong>sns-</strong></span> 
     </span>
     <span class='ocr_line' id='line_1_20' title="bbox 184 2581 1518 2669; baseline -0.001 -22"><span class='ocrx_word' id='word_1_173' title='bbox 184 2581 278 2665; x_wconf 89' lang='lat' dir='ltr'><strong>cepti.</strong></span> <span class='ocrx_word' id='word_1_174' title='bbox 304 2584 393 2649; x_wconf 88' lang='lat' dir='ltr'><strong>Haec</strong></span> <span class='ocrx_word' id='word_1_175' title='bbox 416 2581 521 2667; x_wconf 86' lang='lat' dir='ltr'><strong>igitur</strong></span> <span class='ocrx_word' id='word_1_176' title='bbox 544 2603 596 2650; x_wconf 87' lang='lat' dir='ltr'><strong>res</strong></span> <span class='ocrx_word' id='word_1_177' title='bbox 620 2603 817 2667; x_wconf 89' lang='lat' dir='ltr'><strong>quamquam</strong></span> <span class='ocrx_word' id='word_1_178' title='bbox 842 2605 904 2651; x_wconf 90' lang='lat' dir='ltr'><strong>non</strong></span> <span class='ocrx_word' id='word_1_179' title='bbox 929 2595 978 2651; x_wconf 88' lang='lat' dir='ltr'><strong>est</strong></span> <span class='ocrx_word' id='word_1_180' title='bbox 1001 2589 1240 2668; x_wconf 88' lang='lat' dir='ltr'><strong>impedimento,</strong></span> <span class='ocrx_word' id='word_1_181' title='bbox 1266 2588 1426 2667; x_wconf 85' lang='lat' dir='ltr'><strong>quinilla</strong></span> <span class='ocrx_word' id='word_1_182' title='bbox 1445 2583 1518 2669; x_wconf 75' lang='grc' dir='ltr'>κέρα</span> 
     </span>
     <span class='ocr_line' id='line_1_21' title="bbox 183 2689 1517 2775; baseline 0.002 -21"><span class='ocrx_word' id='word_1_183' title='bbox 183 2700 316 2772; x_wconf 91' lang='lat' dir='ltr'><strong>proprie</strong></span> <span class='ocrx_word' id='word_1_184' title='bbox 339 2689 589 2775; x_wconf 79' lang='lat' dir='ltr'><strong>intellegantur,</strong></span> <span class='ocrx_word' id='word_1_185' title='bbox 615 2690 717 2757; x_wconf 88' lang='lat' dir='ltr'><strong>nihilo</strong></span> <span class='ocrx_word' id='word_1_186' title='bbox 755 2690 860 2758; x_wconf 92' lang='lat' dir='ltr'><strong>minus</strong></span> <span class='ocrx_word' id='word_1_187' title='bbox 884 2697 932 2758; x_wconf 82' lang='lat' dir='ltr'><strong>uel</strong></span> <span class='ocrx_word' id='word_1_188' title='bbox 958 2697 999 2758; x_wconf 86' lang='lat' dir='ltr'><strong>ob</strong></span> <span class='ocrx_word' id='word_1_189' title='bbox 1022 2713 1091 2760; x_wconf 91' lang='lat' dir='ltr'><strong>eam</strong></span> <span class='ocrx_word' id='word_1_190' title='bbox 1116 2712 1212 2775; x_wconf 90' lang='lat' dir='ltr'><strong>quam</strong></span> <span class='ocrx_word' id='word_1_191' title='bbox 1254 2697 1517 2775; x_wconf 87' lang='lat' dir='ltr'><strong>supradiximus</strong></span> 
     </span>
     <span class='ocr_line' id='line_1_22' title="bbox 184 2800 1518 2868; baseline 0.001 -6"><span class='ocrx_word' id='word_1_192' title='bbox 184 2817 315 2865; x_wconf 88' lang='lat' dir='ltr'><strong>causam</strong></span> <span class='ocrx_word' id='word_1_193' title='bbox 357 2802 552 2864; x_wconf 86' lang='lat' dir='ltr'><strong>translatam</strong></span> <span class='ocrx_word' id='word_1_194' title='bbox 594 2801 669 2866; x_wconf 89' lang='lat' dir='ltr'><strong>hnic</strong></span> <span class='ocrx_word' id='word_1_195' title='bbox 714 2803 868 2867; x_wconf 80' lang='lat' dir='ltr'><strong>vocabulo</strong></span> <span class='ocrx_word' id='word_1_196' title='bbox 922 2800 1117 2868; x_wconf 90' lang='lat' dir='ltr'><strong>sententiam</strong></span> <span class='ocrx_word' id='word_1_197' title='bbox 1160 2805 1304 2868; x_wconf 85' lang='lat' dir='ltr'><strong>subicere</strong></span> <span class='ocrx_word' id='word_1_198' title='bbox 1351 2821 1413 2866; x_wconf 92' lang='lat' dir='ltr'><strong>non</strong></span> <span class='ocrx_word' id='word_1_199' title='bbox 1459 2805 1518 2865; x_wconf 90' lang='lat' dir='ltr'><strong>du-</strong></span> 
     </span>
     <span class='ocr_line' id='line_1_23' title="bbox 185 2906 1518 2996; baseline 0.003 -26"><span class='ocrx_word' id='word_1_200' title='bbox 185 2907 335 2972; x_wconf 81' lang='lat' dir='ltr'><strong>bitamus.</strong></span> <span class='ocrx_word' id='word_1_201' title='bbox 362 2908 508 2984; x_wconf 79' lang='lat' dir='ltr'><strong>Accedit,</strong></span> <span class='ocrx_word' id='word_1_202' title='bbox 534 2911 620 2986; x_wconf 90' lang='lat' dir='ltr'><strong>quod</strong></span> <span class='ocrx_word' id='word_1_203' title='bbox 647 2910 747 2975; x_wconf 85' lang='lat' dir='ltr'><strong>Ulixis</strong></span> <span class='ocrx_word' id='word_1_204' title='bbox 772 2906 861 2986; x_wconf 79' lang='grc' dir='ltr'>τόξον,</span> <span class='ocrx_word' id='word_1_205' title='bbox 886 2913 972 2989; x_wconf 90' lang='lat' dir='ltr'><strong>quod</strong></span> <span class='ocrx_word' id='word_1_206' title='bbox 997 2907 1115 2996; x_wconf 82' lang='lat' dir='ltr'><strong>Euryti</strong></span> <span class='ocrx_word' id='word_1_207' title='bbox 1149 2919 1260 2992; x_wconf 84' lang='lat' dir='ltr'><strong>magni</strong></span> <span class='ocrx_word' id='word_1_208' title='bbox 1283 2912 1442 2990; x_wconf 88' lang='lat' dir='ltr'><strong>quondam</strong></span> <span class='ocrx_word' id='word_1_209' title='bbox 1467 2910 1482 2974; x_wconf 92' lang='lat' dir='ltr'><strong>f</strong></span> <span class='ocrx_word' id='word_1_210' title='bbox 1506 2948 1518 2959; x_wconf 93' lang='lat'><em>-</em></span> 
     </span>
     <span class='ocr_line' id='line_1_24' title="bbox 183 3012 1515 3097; baseline 0.001 -19"><span class='ocrx_word' id='word_1_211' title='bbox 183 3023 255 3078; x_wconf 89' lang='lat' dir='ltr'><strong>erat</strong></span> <span class='ocrx_word' id='word_1_212' title='bbox 277 3021 371 3093; x_wconf 91' lang='lat' dir='ltr'><strong>eique</strong></span> <span class='ocrx_word' id='word_1_213' title='bbox 395 3017 438 3078; x_wconf 91' lang='lat' dir='ltr'><strong>ab</strong></span> <span class='ocrx_word' id='word_1_214' title='bbox 462 3015 567 3097; x_wconf 90' lang='lat' dir='ltr'><strong>iphito</strong></span> <span class='ocrx_word' id='word_1_215' title='bbox 590 3016 708 3095; x_wconf 79' lang='lat' dir='ltr'><strong>Euryti</strong></span> <span class='ocrx_word' id='word_1_216' title='bbox 731 3014 801 3081; x_wconf 87' lang='lat' dir='ltr'><strong>lilio</strong></span> <span class='ocrx_word' id='word_1_217' title='bbox 825 3018 908 3079; x_wconf 90' lang='lat' dir='ltr'><strong>dono</strong></span> <span class='ocrx_word' id='word_1_218' title='bbox 942 3018 1063 3096; x_wconf 85' lang='lat' dir='ltr'><strong>datum,</strong></span> <span class='ocrx_word' id='word_1_219' title='bbox 1104 3014 1278 3079; x_wconf 79' lang='grc' dir='ltr'>παλίντονον</span> <span class='ocrx_word' id='word_1_220' title='bbox 1307 3019 1427 3082; x_wconf 88' lang='lat' dir='ltr'><strong>dieitur</strong></span> <span class='ocrx_word' id='word_1_221' title='bbox 1453 3012 1515 3079; x_wconf 91' lang='lat' dir='ltr'><strong>Od.</strong></span> 
     </span>
     <span class='ocr_line' id='line_1_25' title="bbox 183 3119 1518 3200; baseline 0.001 -17"><span class='ocrx_word' id='word_1_222' title='bbox 183 3122 206 3186; x_wconf 93' lang='lat' dir='ltr'><strong>i.</strong></span> <span class='ocrx_word' id='word_1_223' title='bbox 230 3121 309 3188; x_wconf 87' lang='lat' dir='ltr'><strong>XXI</strong></span> <span class='ocrx_word' id='word_1_224' title='bbox 333 3138 360 3181; x_wconf 87' lang='lat' dir='ltr'><strong>u.</strong></span> <span class='ocrx_word' id='word_1_225' title='bbox 389 3128 427 3186; x_wconf 90' lang='grc'><strong>11</strong></span> <span class='ocrx_word' id='word_1_226' title='bbox 453 3129 551 3199; x_wconf 89' lang='lat' dir='ltr'><strong>atque</strong></span> <span class='ocrx_word' id='word_1_227' title='bbox 574 3131 680 3199; x_wconf 87' lang='lat' dir='ltr'><strong>poeta,</strong></span> <span class='ocrx_word' id='word_1_228' title='bbox 706 3129 732 3185; x_wconf 91' lang='lat' dir='ltr'><strong>si</strong></span> <span class='ocrx_word' id='word_1_229' title='bbox 755 3124 811 3186; x_wconf 91' lang='lat' dir='ltr'><strong>ille</strong></span> <span class='ocrx_word' id='word_1_230' title='bbox 835 3139 928 3187; x_wconf 85' lang='lat' dir='ltr'><strong>arcus</strong></span> <span class='ocrx_word' id='word_1_231' title='bbox 952 3141 969 3186; x_wconf 93' lang='lat' dir='ltr'><strong>e</strong></span> <span class='ocrx_word' id='word_1_232' title='bbox 994 3126 1143 3191; x_wconf 85' lang='lat' dir='ltr'><strong>cornibus</strong></span> <span class='ocrx_word' id='word_1_233' title='bbox 1175 3122 1300 3200; x_wconf 86' lang='lat' dir='ltr'><strong>fuisset,</strong></span> <span class='ocrx_word' id='word_1_234' title='bbox 1327 3131 1396 3186; x_wconf 92' lang='lat' dir='ltr'><strong>sine</strong></span> <span class='ocrx_word' id='word_1_235' title='bbox 1421 3119 1518 3187; x_wconf 91' lang='lat' dir='ltr'><strong>dubio</strong></span> 
     </span>
     <span class='ocr_line' id='line_1_26' title="bbox 184 3221 1517 3309; baseline 0.003 -19"><span class='ocrx_word' id='word_1_236' title='bbox 184 3230 224 3291; x_wconf 90' lang='lat' dir='ltr'><strong>de</strong></span> <span class='ocrx_word' id='word_1_237' title='bbox 247 3227 306 3290; x_wconf 90' lang='lat' dir='ltr'><strong>hae</strong></span> <span class='ocrx_word' id='word_1_238' title='bbox 323 3245 359 3290; x_wconf 91' lang='lat' dir='ltr'><strong>re</strong></span> <span class='ocrx_word' id='word_1_239' title='bbox 383 3244 447 3289; x_wconf 92' lang='lat' dir='ltr'><strong>non</strong></span> <span class='ocrx_word' id='word_1_240' title='bbox 471 3221 630 3289; x_wconf 76' lang='lat' dir='ltr'><strong>tacuisset</strong></span> <span class='ocrx_word' id='word_1_241' title='bbox 655 3246 680 3290; x_wconf 92' lang='grc' dir='ltr'>ν.</span> <span class='ocrx_word' id='word_1_242' title='bbox 709 3231 747 3291; x_wconf 86' lang='grc'><strong>31</strong></span> <span class='ocrx_word' id='word_1_243' title='bbox 772 3245 842 3309; x_wconf 89' lang='lat' dir='ltr'><strong>sqq.</strong></span> <span class='ocrx_word' id='word_1_244' title='bbox 881 3229 972 3294; x_wconf 89' lang='lat' dir='ltr'><strong>Hanc</strong></span> <span class='ocrx_word' id='word_1_245' title='bbox 1012 3232 1202 3294; x_wconf 89' lang='lat' dir='ltr'><strong>sententiam</strong></span> <span class='ocrx_word' id='word_1_246' title='bbox 1243 3230 1278 3296; x_wconf 92' lang='lat' dir='ltr'><strong>L.</strong></span> <span class='ocrx_word' id='word_1_247' title='bbox 1303 3231 1517 3294; x_wconf 90' lang='lat' dir='ltr'><strong>Doederlinus</strong></span> 
     </span>
     <span class='ocr_line' id='line_1_27' title="bbox 182 3318 1551 3418; baseline 0.002 -20"><span class='ocrx_word' id='word_1_248' title='bbox 182 3333 340 3400; x_wconf 83' lang='lat' dir='ltr'><strong>Glossarii</strong></span> <span class='ocrx_word' id='word_1_249' title='bbox 365 3318 530 3400; x_wconf 78' lang='lat' dir='ltr'><strong>Homerici</strong></span> <span class='ocrx_word' id='word_1_250' title='bbox 554 3334 615 3400; x_wconf 84' lang='lat' dir='ltr'><strong>vol.</strong></span> <span class='ocrx_word' id='word_1_251' title='bbox 639 3340 684 3416; x_wconf 89' lang='lat' dir='ltr'><strong>Il,</strong></span> <span class='ocrx_word' id='word_1_252' title='bbox 710 3355 743 3418; x_wconf 91' lang='lat' dir='ltr'><strong>p.</strong></span> <span class='ocrx_word' id='word_1_253' title='bbox 771 3341 834 3401; x_wconf 81' lang='grc'><strong>265</strong></span> <span class='ocrx_word' id='word_1_254' title='bbox 860 3338 1026 3418; x_wconf 83' lang='lat' dir='ltr'><strong>amplexus</strong></span> <span class='ocrx_word' id='word_1_255' title='bbox 1051 3346 1109 3405; x_wconf 91' lang='lat' dir='ltr'><strong>est.</strong></span> <span class='ocrx_word' id='word_1_256' title='bbox 1549 3335 1551 3340; x_wconf 81' lang='grc'><strong>’</strong></span> 
     </span>
    </p>

    <p class='ocr_par' dir='ltr' id='par_1_5' title="bbox 181 3439 1517 4171">
     <span class='ocr_line' id='line_1_28' title="bbox 249 3439 1515 3529; baseline 0.009 -25"><span class='ocrx_word' id='word_1_257' title='bbox 249 3441 360 3522; x_wconf 88' lang='lat' dir='ltr'><strong>Neque</strong></span> <span class='ocrx_word' id='word_1_258' title='bbox 385 3443 483 3505; x_wconf 89' lang='lat' dir='ltr'><strong>aliter</strong></span> <span class='ocrx_word' id='word_1_259' title='bbox 520 3439 802 3523; x_wconf 83' lang='lat' dir='ltr'><strong>interpretandum</strong></span> <span class='ocrx_word' id='word_1_260' title='bbox 839 3445 923 3509; x_wconf 90' lang='lat' dir='ltr'><strong>illud</strong></span> <span class='ocrx_word' id='word_1_261' title='bbox 958 3441 1043 3529; x_wconf 79' lang='grc' dir='ltr'>νὲραι</span> <span class='ocrx_word' id='word_1_262' title='bbox 1065 3441 1159 3526; x_wconf 75' lang='grc' dir='ltr'>ἀγλαὲ</span> <span class='ocrx_word' id='word_1_263' title='bbox 1192 3447 1230 3509; x_wconf 94' lang='lat' dir='ltr'><strong>ll.</strong></span> <span class='ocrx_word' id='word_1_264' title='bbox 1259 3447 1280 3510; x_wconf 96' lang='lat' dir='ltr'><strong>i.</strong></span> <span class='ocrx_word' id='word_1_265' title='bbox 1306 3449 1353 3512; x_wconf 88' lang='lat' dir='ltr'><strong>Xl</strong></span> <span class='ocrx_word' id='word_1_266' title='bbox 1389 3465 1415 3512; x_wconf 88' lang='grc' dir='ltr'>ν.</span> <span class='ocrx_word' id='word_1_267' title='bbox 1440 3452 1515 3526; x_wconf 84' lang='grc'>385,</span> 
     </span>
     <span class='ocr_line' id='line_1_29' title="bbox 182 3546 1515 3635; baseline 0.008 -23"><span class='ocrx_word' id='word_1_268' title='bbox 182 3565 283 3630; x_wconf 91' lang='lat' dir='ltr'><strong>neque</strong></span> <span class='ocrx_word' id='word_1_269' title='bbox 317 3547 542 3612; x_wconf 83' lang='lat' dir='ltr'><strong>Theocriteum</strong></span> <span class='ocrx_word' id='word_1_270' title='bbox 580 3546 666 3633; x_wconf 77' lang='grc' dir='ltr'>κέρας</span> <span class='ocrx_word' id='word_1_271' title='bbox 702 3547 791 3635; x_wconf 73' lang='grc' dir='ltr'>ὑγρόν</span> <span class='ocrx_word' id='word_1_272' title='bbox 814 3551 866 3618; x_wconf 90' lang='lat' dir='ltr'><strong>ld.</strong></span> <span class='ocrx_word' id='word_1_273' title='bbox 904 3551 1013 3620; x_wconf 88' lang='lat' dir='ltr'>XXVI</span> <span class='ocrx_word' id='word_1_274' title='bbox 1048 3572 1076 3615; x_wconf 84' lang='grc' dir='ltr'><strong>ι.</strong></span> <span class='ocrx_word' id='word_1_275' title='bbox 1102 3557 1178 3630; x_wconf 84' lang='grc'><strong>206,</strong></span> <span class='ocrx_word' id='word_1_276' title='bbox 1218 3572 1313 3618; x_wconf 84' lang='lat' dir='ltr'><strong>versu</strong></span> <span class='ocrx_word' id='word_1_277' title='bbox 1343 3556 1515 3627; x_wconf 75' lang='lat' dir='ltr'><strong>enimait</strong></span> 
     </span>
     <span class='ocr_line' id='line_1_30' title="bbox 181 3651 1517 3744; baseline 0.007 -29"><span class='ocrx_word' id='word_1_278' title='bbox 181 3651 274 3738; x_wconf 80' lang='grc' dir='ltr'>κορτὴ</span> <span class='ocrx_word' id='word_1_279' title='bbox 300 3653 331 3716; x_wconf 84' lang='grc' dir='ltr'><strong>δὲ</strong></span> <span class='ocrx_word' id='word_1_280' title='bbox 356 3651 443 3738; x_wconf 72' lang='grc' dir='ltr'>ῥάχις</span> <span class='ocrx_word' id='word_1_281' title='bbox 466 3651 565 3736; x_wconf 75' lang='grc' dir='ltr'>γένετ’</span> <span class='ocrx_word' id='word_1_282' title='bbox 604 3651 677 3738; x_wconf 83' lang='grc' dir='ltr'><strong>ἠὺτε</strong></span> <span class='ocrx_word' id='word_1_283' title='bbox 717 3653 799 3728; x_wconf 78' lang='grc' dir='ltr'>τόξον</span> <span class='ocrx_word' id='word_1_284' title='bbox 823 3661 1074 3738; x_wconf 80' lang='lat' dir='ltr'><strong>demonstratur,</strong></span> <span class='ocrx_word' id='word_1_285' title='bbox 1116 3657 1205 3744; x_wconf 73' lang='grc' dir='ltr'>κέρας</span> <span class='ocrx_word' id='word_1_286' title='bbox 1228 3662 1315 3724; x_wconf 77' lang='lat' dir='ltr'><strong>idem</strong></span> <span class='ocrx_word' id='word_1_287' title='bbox 1339 3678 1407 3728; x_wconf 81' lang='lat' dir='ltr'><strong>esse</strong></span> <span class='ocrx_word' id='word_1_288' title='bbox 1431 3664 1517 3741; x_wconf 86' lang='lat' dir='ltr'><strong>quod</strong></span> 
     </span>
     <span class='ocr_line' id='line_1_31' title="bbox 181 3759 1517 3850; baseline 0.005 -27"><span class='ocrx_word' id='word_1_289' title='bbox 181 3760 320 3844; x_wconf 79' lang='grc' dir='ltr'>καμπύλα</span> <span class='ocrx_word' id='word_1_290' title='bbox 356 3764 406 3826; x_wconf 82' lang='lat' dir='ltr'><strong>vel</strong></span> <span class='ocrx_word' id='word_1_291' title='bbox 444 3759 559 3845; x_wconf 75' lang='grc' dir='ltr'>ἀγκύλα</span> <span class='ocrx_word' id='word_1_292' title='bbox 594 3763 673 3845; x_wconf 78' lang='grc' dir='ltr'>τόξα,</span> <span class='ocrx_word' id='word_1_293' title='bbox 698 3773 734 3829; x_wconf 88' lang='lat' dir='ltr'><strong>nt</strong></span> <span class='ocrx_word' id='word_1_294' title='bbox 772 3765 810 3831; x_wconf 92' lang='lat' dir='ltr'><strong>Il.</strong></span> <span class='ocrx_word' id='word_1_295' title='bbox 835 3769 856 3830; x_wconf 91' lang='lat' dir='ltr'><strong>i.</strong></span> <span class='ocrx_word' id='word_1_296' title='bbox 885 3767 910 3827; x_wconf 92' lang='lat' dir='ltr'>V</span> <span class='ocrx_word' id='word_1_297' title='bbox 936 3787 965 3832; x_wconf 85' lang='grc' dir='ltr'>ν.</span> <span class='ocrx_word' id='word_1_298' title='bbox 993 3773 1046 3843; x_wconf 83' lang='grc'><strong>97,</strong></span> <span class='ocrx_word' id='word_1_299' title='bbox 1086 3773 1148 3835; x_wconf 82' lang='grc'><strong>209</strong></span> <span class='ocrx_word' id='word_1_300' title='bbox 1187 3769 1230 3833; x_wconf 87' lang='lat' dir='ltr'><strong>al.</strong></span> <span class='ocrx_word' id='word_1_301' title='bbox 1269 3770 1317 3832; x_wconf 82' lang='lat' dir='ltr'><strong>vel</strong></span> <span class='ocrx_word' id='word_1_302' title='bbox 1341 3768 1517 3850; x_wconf 81' lang='grc' dir='ltr'>κυκλοτερὲς</span> 
     </span>
     <span class='ocr_line' id='line_1_32' title="bbox 181 3865 1517 3959; baseline 0.002 -22"><span class='ocrx_word' id='word_1_303' title='bbox 181 3865 259 3952; x_wconf 78' lang='grc' dir='ltr'>μέγα</span> <span class='ocrx_word' id='word_1_304' title='bbox 282 3865 362 3937; x_wconf 75' lang='grc' dir='ltr'>τόξον</span> <span class='ocrx_word' id='word_1_305' title='bbox 387 3871 409 3934; x_wconf 91' lang='lat' dir='ltr'><strong>i.</strong></span> <span class='ocrx_word' id='word_1_306' title='bbox 435 3874 498 3937; x_wconf 94' lang='lat' dir='ltr'><strong>llll</strong></span> <span class='ocrx_word' id='word_1_307' title='bbox 538 3890 566 3934; x_wconf 87' lang='grc' dir='ltr'>ν.</span> <span class='ocrx_word' id='word_1_308' title='bbox 595 3880 670 3939; x_wconf 85' lang='grc'><strong>124.</strong></span> <span class='ocrx_word' id='word_1_309' title='bbox 698 3875 750 3938; x_wconf 87' lang='lat' dir='ltr'><strong>lta</strong></span> <span class='ocrx_word' id='word_1_310' title='bbox 774 3875 992 3942; x_wconf 85' lang='lat' dir='ltr'><strong>Callimachus</strong></span> <span class='ocrx_word' id='word_1_311' title='bbox 1015 3884 1049 3940; x_wconf 90' lang='lat' dir='ltr'><strong>in</strong></span> <span class='ocrx_word' id='word_1_312' title='bbox 1073 3873 1325 3959; x_wconf 83' lang='lat' dir='ltr'><strong>epigrammate,</strong></span> <span class='ocrx_word' id='word_1_313' title='bbox 1351 3878 1436 3956; x_wconf 91' lang='lat' dir='ltr'><strong>quod</strong></span> <span class='ocrx_word' id='word_1_314' title='bbox 1468 3887 1517 3941; x_wconf 89' lang='lat' dir='ltr'><strong>est</strong></span> 
     </span>
     <span class='ocr_line' id='line_1_33' title="bbox 181 3977 1515 4063; baseline 0.006 -23"><span class='ocrx_word' id='word_1_315' title='bbox 181 3978 311 4045; x_wconf 90' lang='lat' dir='ltr'><strong>Anthol.</strong></span> <span class='ocrx_word' id='word_1_316' title='bbox 334 3977 409 4045; x_wconf 89' lang='lat' dir='ltr'><strong>Pal.</strong></span> <span class='ocrx_word' id='word_1_317' title='bbox 434 3980 458 4042; x_wconf 95' lang='lat' dir='ltr'><strong>i.</strong></span> <span class='ocrx_word' id='word_1_318' title='bbox 486 3982 576 4060; x_wconf 80' lang='lat' dir='ltr'><strong>iiiii,</strong></span> <span class='ocrx_word' id='word_1_319' title='bbox 601 3998 653 4061; x_wconf 89' lang='lat' dir='ltr'><strong>ep.</strong></span> <span class='ocrx_word' id='word_1_320' title='bbox 682 3988 713 4060; x_wconf 83' lang='lat'><strong>7,</strong></span> <span class='ocrx_word' id='word_1_321' title='bbox 739 3989 771 4046; x_wconf 90' lang='lat' dir='ltr'><strong>in</strong></span> <span class='ocrx_word' id='word_1_322' title='bbox 801 3984 853 4048; x_wconf 91' lang='lat' dir='ltr'><strong>ed.</strong></span> <span class='ocrx_word' id='word_1_323' title='bbox 893 3982 1079 4051; x_wconf 83' lang='lat' dir='ltr'><strong>Schneideri</strong></span> <span class='ocrx_word' id='word_1_324' title='bbox 1116 3985 1297 4063; x_wconf 76' lang='lat' dir='ltr'><strong>XXXVIII,</strong></span> <span class='ocrx_word' id='word_1_325' title='bbox 1337 3981 1515 4050; x_wconf 90' lang='lat' dir='ltr'><strong>Menoetam</strong></span> 
     </span>
     <span class='ocr_line' id='line_1_34' title="bbox 181 4083 1153 4171; baseline 0.007 -23"><span class='ocrx_word' id='word_1_326' title='bbox 181 4084 325 4168; x_wconf 84' lang='lat' dir='ltr'><strong>Lyctium</strong></span> <span class='ocrx_word' id='word_1_327' title='bbox 348 4083 426 4150; x_wconf 86' lang='lat' dir='ltr'><strong>lacit</strong></span> <span class='ocrx_word' id='word_1_328' title='bbox 449 4083 485 4146; x_wconf 84' lang='grc' dir='ltr'><strong>τὰ</strong></span> <span class='ocrx_word' id='word_1_329' title='bbox 509 4083 578 4154; x_wconf 74' lang='lat' dir='ltr'><strong>eto</strong></span> <span class='ocrx_word' id='word_1_330' title='bbox 602 4084 751 4171; x_wconf 83' lang='lat' dir='ltr'><strong>Serapidi</strong></span> <span class='ocrx_word' id='word_1_331' title='bbox 778 4091 939 4156; x_wconf 86' lang='lat' dir='ltr'><strong>dicantem</strong></span> <span class='ocrx_word' id='word_1_332' title='bbox 963 4087 1014 4154; x_wconf 93' lang='lat' dir='ltr'><strong>his</strong></span> <span class='ocrx_word' id='word_1_333' title='bbox 1037 4093 1153 4156; x_wconf 90' lang='lat' dir='ltr'><strong>verbis:</strong></span> 
     </span>
    </p>
   </div>
   <div class='ocr_carea' id='block_1_5' title="bbox 393 4243 1162 4443">
    <p class='ocr_par' dir='ltr' id='par_1_6' title="bbox 393 4243 1162 4443">
     <span class='ocr_line' id='line_1_35' title="bbox 501 4243 1115 4334; baseline 0.013 -30"><span class='ocrx_word' id='word_1_334' title='bbox 501 4248 549 4327; x_wconf 78' lang='grc' dir='ltr'><strong>τῆ,</strong></span> <span class='ocrx_word' id='word_1_335' title='bbox 574 4243 663 4328; x_wconf 80' lang='grc' dir='ltr'>κέρας</span> <span class='ocrx_word' id='word_1_336' title='bbox 687 4270 731 4308; x_wconf 89' lang='grc' dir='ltr'><strong>τοι</strong></span> <span class='ocrx_word' id='word_1_337' title='bbox 755 4243 857 4325; x_wconf 83' lang='grc' dir='ltr'>δίδωμι</span> <span class='ocrx_word' id='word_1_338' title='bbox 881 4252 929 4312; x_wconf 86' lang='grc' dir='ltr'>καὶ</span> <span class='ocrx_word' id='word_1_339' title='bbox 953 4247 1115 4334; x_wconf 80' lang='grc' dir='ltr'>φαρέτρην,</span> 
     </span>
     <span class='ocr_line' id='line_1_36' title="bbox 393 4349 1162 4443; baseline 0.014 -32"><span class='ocrx_word' id='word_1_340' title='bbox 393 4349 524 4443; x_wconf 65' lang='lat' dir='ltr'><strong>Enipeus,</strong></span> <span class='ocrx_word' id='word_1_341' title='bbox 551 4351 620 4422; x_wconf 81' lang='grc' dir='ltr'>τοὺς</span> <span class='ocrx_word' id='word_1_342' title='bbox 644 4353 670 4413; x_wconf 85' lang='grc' dir='ltr'><strong>δ’</strong></span> <span class='ocrx_word' id='word_1_343' title='bbox 695 4351 807 4424; x_wconf 81' lang='grc' dir='ltr'>ὀιστοὺς</span> <span class='ocrx_word' id='word_1_344' title='bbox 833 4353 952 4440; x_wconf 80' lang='grc' dir='ltr'>ἔχουσιν</span> <span class='ocrx_word' id='word_1_345' title='bbox 976 4355 1162 4442; x_wconf 81' lang='grc' dir='ltr'>Ἑσπερῖται.</span> 
     </span>
    </p>
   </div>
   <div class='ocr_carea' id='block_1_6' title="bbox 179 4508 1515 4714">
    <p class='ocr_par' dir='ltr' id='par_1_7' title="bbox 179 4508 1515 4714">
     <span class='ocr_line' id='line_1_37' title="bbox 247 4508 1515 4600; baseline 0.008 -22"><span class='ocrx_word' id='word_1_346' title='bbox 247 4514 408 4578; x_wconf 74' lang='lat' dir='ltr'><strong>Menoetes</strong></span> <span class='ocrx_word' id='word_1_347' title='bbox 432 4508 549 4594; x_wconf 83' lang='lat' dir='ltr'><strong>igitur,</strong></span> <span class='ocrx_word' id='word_1_348' title='bbox 574 4511 652 4578; x_wconf 87' lang='lat' dir='ltr'><strong>ciuis</strong></span> <span class='ocrx_word' id='word_1_349' title='bbox 675 4518 781 4598; x_wconf 80' lang='lat' dir='ltr'><strong>Lycti,</strong></span> <span class='ocrx_word' id='word_1_350' title='bbox 823 4514 933 4600; x_wconf 89' lang='lat' dir='ltr'><strong>oppidi</strong></span> <span class='ocrx_word' id='word_1_351' title='bbox 957 4521 1084 4592; x_wconf 84' lang='lat' dir='ltr'><strong>Cretae.</strong></span> <span class='ocrx_word' id='word_1_352' title='bbox 1113 4538 1183 4600; x_wconf 90' lang='lat' dir='ltr'><strong>non,</strong></span> <span class='ocrx_word' id='word_1_353' title='bbox 1209 4516 1293 4584; x_wconf 85' lang='lat' dir='ltr'><strong>sicut</strong></span> <span class='ocrx_word' id='word_1_354' title='bbox 1327 4523 1515 4588; x_wconf 88' lang='lat' dir='ltr'><strong>Echemmas</strong></span> 
     </span>
     <span class='ocr_line' id='line_1_38' title="bbox 179 4619 1512 4714; baseline 0.014 -32"><span class='ocrx_word' id='word_1_355' title='bbox 179 4619 342 4700; x_wconf 89' lang='lat' dir='ltr'><strong>popularis</strong></span> <span class='ocrx_word' id='word_1_356' title='bbox 365 4629 443 4698; x_wconf 89' lang='lat' dir='ltr'><strong>eius,</strong></span> <span class='ocrx_word' id='word_1_357' title='bbox 478 4624 552 4687; x_wconf 89' lang='lat' dir='ltr'><strong>Deli</strong></span> <span class='ocrx_word' id='word_1_358' title='bbox 576 4639 685 4688; x_wconf 86' lang='lat' dir='ltr'><strong>areum</strong></span> <span class='ocrx_word' id='word_1_359' title='bbox 711 4624 851 4705; x_wconf 86' lang='lat' dir='ltr'><strong>dedicat,</strong></span> <span class='ocrx_word' id='word_1_360' title='bbox 892 4628 950 4691; x_wconf 91' lang='lat' dir='ltr'><strong>sed</strong></span> <span class='ocrx_word' id='word_1_361' title='bbox 974 4623 1008 4690; x_wconf 91' lang='lat' dir='ltr'><strong>in</strong></span> <span class='ocrx_word' id='word_1_362' title='bbox 1032 4629 1171 4706; x_wconf 92' lang='lat' dir='ltr'><strong>quodam</strong></span> <span class='ocrx_word' id='word_1_363' title='bbox 1212 4629 1354 4714; x_wconf 78' lang='lat' dir='ltr'><strong>Aegypti</strong></span> <span class='ocrx_word' id='word_1_364' title='bbox 1379 4633 1512 4713; x_wconf 87' lang='lat' dir='ltr'><strong>templo.</strong></span> 
     </span>
    </p>
   </div>
   <div class='ocr_carea' id='block_1_7' title="bbox 0 0 1796 5328">
    <p class='ocr_par' dir='ltr' id='par_1_8' title="bbox 0 0 1796 5328">
     <span class='ocr_line' id='line_1_39' title="bbox 0 0 1796 5328; baseline 0 3"><span class='ocrx_word' id='word_1_365' title='bbox 0 0 1796 5328; x_wconf 95' lang='lat' dir='ltr'><strong> </strong></span> 
     </span>
    </p>
   </div>
  </div>
 </body>
</html>
