3584 5328
761 333 973 402 *35ffl

140 523 143 538 '
200 544 234 607 p.
262 535 335 608 259,
363 532 450 611 260),
474 528 671 592 Plutarchus
695 529 728 589 in
751 526 863 592 libello
887 529 927 591 de
951 511 1131 592 cohibenda
1155 533 1206 589 ira
1230 543 1259 590 o.
1287 532 1317 605 9,
1339 527 1458 604 quippe
1476 531 1530 602 qui
1621 515 1624 528 '

199 632 267 698 irae
279 619 381 698 faerit
392 631 551 716 impotens
565 631 617 716 (ΙΙ.
632 635 655 696 Ι.
670 632 738 699 Vr.
753 639 818 700 214
828 635 929 714 sqq).
944 636 1040 713 Apud
1052 633 1285 700 Philostratum
1301 634 1438 710 denique
1452 631 1530 693 adeo

196 749 270 804 arte
295 743 465 806 Pandarus
488 759 561 806 oum
584 739 688 820 Lyoiis
712 735 842 804 ridetur
863 747 1067 819 coniunctus
1084 747 1120 802 ut
1135 737 1362 805 dieatHerolei
1378 756 1406 802 e.
1419 738 1527 802 XIIII:

196 843 363 928 Σαρπηδὼν
386 840 446 931 ἦγε
470 847 606 916 Λυκίους
630 844 792 924 ξύμπαντας
815 844 866 908 καὶ
898 843 1006 928 ἀρίστω
1040 843 1127 928 ἄνδρε
1162 845 1297 908 Γλαῦκόν
1320 866 1352 905 τε
1376 841 1426 905 καὶ
1449 840 1531 910 Πάν-

195 951 296 1036 ὄαρον,
321 945 359 1034 ἧν
384 953 410 1012 δ’
427 949 529 1014 aizos
547 949 561 1012 ὁ
582 949 636 1032 μὲν
661 947 825 1012 ὁπλιτεὺειν
849 947 1017 1032 εὐδόκιμος,
1045 949 1059 1011 ὁ
1085 948 1118 1011 δὲ
1134 947 1288 1032 Πάνδαρος
1311 947 1361 1011 τὸν
1385 948 1529 1016 Ἀπόλλω

195 1056 246 1120 τὸν
270 1057 383 1121 Aerior
408 1055 564 1121 ἐπιστάντα
589 1055 616 1118 οἱ
640 1055 782 1141 μειρακίῳ
802 1056 846 1119 ἔτι
869 1061 1045 1139 κοινωνῆσαι
1069 1057 1130 1140 ἔφη
1144 1063 1195 1118 τοῦ
1208 1055 1334 1126 τοξεύειν
1351 1057 1399 1118 καὶ
1411 1035 1528 1140 pipere

193 1163 243 1228 ἀεὶ
267 1173 308 1245 τῷ
332 1163 514 1246 Ἀπόλλωνι,
539 1164 587 1226 ὅτε
602 1171 653 1226 τοῦ
677 1161 762 1232 τόξου
786 1163 835 1226 stri
858 1162 977 1246 μεγάλῳ
997 1163 1128 1227 ἅπτοιτο.
1158 1166 1194 1232 O.
1220 1163 1282 1232 XV
1306 1165 1529 1228 Alexandrum

194 1279 228 1342 in
251 1282 323 1337 arte
347 1272 529 1353 sagIttandi
544 1269 620 1335 nteit
637 1290 701 1334 non
715 1270 904 1336 inferiorem
928 1270 1026 1336 fuisse
1050 1273 1211 1338 Pandaro.
1239 1271 1351 1351 Neque
1376 1257 1451 1334 vero
1471 1288 1528 1334 an-

192 1379 255 1444 sim
278 1377 342 1445 ista
364 1381 555 1444 Philostrati
580 1383 619 1443 de
644 1382 830 1459 Sarpedone
855 1380 999 1445 Pandari
1023 1382 1103 1442 duee
1133 1380 1293 1445 sententia
1317 1382 1410 1444 abuti
1433 1382 1528 1444 adid

190 1491 279 1569 quod
302 1490 440 1569 probare
464 1484 544 1552 mihi
568 1475 765 1568 propositum
790 1489 837 1550 est
861 1475 1132 1567 confirmandum,
1166 1491 1355 1554 Pandarum
1391 1495 1424 1552 in
1456 1497 1526 1570 ipsa

194 1597 294 1678 Lyeia
318 1578 428 1678 fuisse.

260 1709 339 1774 Cum
364 1703 398 1769 in
422 1709 522 1775 Orata
546 1705 652 1769 insula
676 1701 821 1787 aegagri
843 1705 976 1786 fuerint,
1011 1725 1074 1771 non
1099 1715 1227 1783 mirum,
1254 1707 1341 1787 quod
1365 1702 1527 1789 imagines

190 1829 304 1876 eorum
327 1831 388 1874 non
412 1816 515 1875 solum
540 1821 573 1877 in
594 1812 733 1875 nummis
758 1814 966 1880 Cretensibus
980 1815 1282 1904 spectantur(uelnt
1304 1821 1337 1877 in
1361 1815 1430 1880 tab.
1445 1816 1524 1893 XII,

201 1928 238 1986 10
263 1922 295 1984 et
308 1923 399 1998 XIII,
425 1928 443 1986 6
469 1928 500 1982 et
525 1923 542 1980 7
568 1927 601 1983 in
621 1919 755 1998 Ephem.
770 1921 860 1986 areli.
877 1917 1005 1986 Graeca
1028 1940 1059 1985 a.
1085 1920 1378 2005 maceriarum),
1402 1923 1459 1987 sed
1483 1923 1525 1985 ab

191 2025 377 2094 artificibus
402 2045 526 2107 quoque
550 2035 615 2090 iarn
638 2023 730 2090 illius
743 2025 871 2105 aetatis
892 2046 987 2109 quam
1002 2025 1176 2109 eMyoenis
1193 2035 1371 2108 nominant,
1387 2024 1525 2111 gemmis

190 2137 375 2216 insculptae
398 2138 485 2215 sunt,
511 2154 594 2216 quae
618 2153 672 2199 ars
695 2153 768 2200 enm
792 2134 867 2201 aliis
903 2133 982 2201 loeis
1005 2147 1073 2201 tum
1112 2144 1248 2200 maxime
1272 2134 1305 2199 in
1330 2137 1391 2200 hae
1415 2134 1549 2218 insulas

190 2251 258 2304 turn
286 2244 425 2326 vigebat.
451 2243 541 2324 Quae
565 2243 714 2324 depietae
737 2245 813 2306 sunt
835 2252 867 2307 in
891 2246 931 2309 Α.
955 2242 1217 2326 Fortunengleri
1245 2245 1524 2325 praestantissimo

190 2353 231 2412 de
256 2357 393 2432 gemmis
427 2359 632 2431 antiquorum
671 2369 766 2433 opere
802 2354 868 2421 tab.
909 2355 967 2419 ΙΙΙ.
1003 2355 1084 2418 Tab.
1122 2352 1151 2414 V
1189 2361 1295 2417 autem
1320 2354 1524 2417 eontinentur

188 2455 495 2524 duae'steatitides
529 2467 563 2522 in
603 2463 671 2539 ipsa
703 2462 809 2524 insula
842 2463 926 2527 Melo
959 2469 1119 2541 repertae,
1154 2459 1186 2523 in
1214 2462 1343 2552 'quibus
1377 2454 1523 2541 aegagri

189 2572 393 2643 spectantur.
417 2569 454 2630 Ιιι
487 2567 580 2630 tanta
615 2585 689 2629 vero
723 2574 804 2631 tanti
840 2575 942 2649 operis
976 2565 1190 2632 admiratione
1214 2557 1339 2630 si'lieet
1362 2569 1402 2630 de
1426 2567 1522 2629 rebus

191 2667 299 2752 paruis
324 2681 429 2736 minus
453 2675 642 2751 consentire,
659 2670 817 2740 confiteor
833 2692 883 2739 me
914 2678 1076 2754 dubitare,
1090 2676 1195 2739 sintne
1209 2671 1345 2757 aegagri
1370 2674 1522 2754 insculpti

188 2773 223 2838 in
249 2776 387 2860 gemmis
411 2782 476 2843 tab.
502 2779 561 2857 ΙΙΙ,
590 2785 629 2844 21
657 2790 689 2845 et
712 2781 815 2861 XVII,
856 2787 909 2855 68,
948 2789 1005 2861 qui
1040 2781 1118 2847 mihi
1143 2791 1233 2863 capri
1258 2797 1327 2845 esse
1355 2777 1520 2856 videntur,

187 2886 274 2947 siout
296 2891 328 2947 in
354 2904 482 2968 gemma
506 2890 571 2951 tab.
589 2891 648 2964 ΙΙΙ,
670 2893 724 2956 26.
751 2891 786 2954 In
802 2907 841 2954 ea
863 2891 984 2964 autern,
1012 2907 1095 2969 quae
1120 2891 1186 2954 tab.
1211 2888 1269 2967 VI,
1296 2892 1336 2953 22
1361 2897 1422 2966 est,
1449 2905 1524 2950 eau-

189 2993 234 3054 da
268 2995 368 3074 longa
403 3003 435 3056 et
462 3011 564 3074 paene
599 2995 726 3058 leonina
764 2998 973 3076 suspicionem
1012 3005 1128 3075 mouet,
1154 2997 1211 3058 hoe
1234 2995 1354 3059 animal
1382 3012 1452 3057 osse
1475 2990 1523 3055 fa-

191 3099 347 3180 bulosum
372 3101 404 3161 in
429 3103 566 3181 geminis
590 3102 656 3168 tab.
681 3105 742 3181 ΙΙΙ,
769 3103 811 3164 34
837 3111 868 3166 et
891 3101 1026 3166 fortasse
1063 3102 1145 3178 LXI,
1174 3108 1212 3168 re
1236 3098 1425 3183 agnoverim
1449 3116 1522 3163 oves

190 3206 338 3288 Cyprias,
363 3225 446 3287 quae
471 3205 654 3273 simillimae
678 3220 754 3273 sunt
777 3228 901 3288 earnm,
929 3228 1009 3290 quas
1023 3206 1149 3276 Plinius
1164 3211 1242 3276 Nat.
1268 3207 1356 3277 Hist.
1381 3211 1402 3271 l.
1428 3207 1520 3286 VIII,

187 3329 218 3375 e.
247 3317 301 3390 49,
328 3313 346 3396 ξ
372 3315 432 3378 199
460 3333 638 3382 musmones
664 3317 819 3399 appellat3
847 3319 909 3380 hae
932 3313 965 3379 in
989 3313 1144 3384 Sardinia
1167 3322 1201 3380 et
1223 3313 1364 3398 Corsica,
1389 3318 1465 3379 illae
1489 3321 1521 3378 in

188 3415 296 3502 ‘Cypro
320 3429 514 3504 gignentum
554 3431 619 3486 oris
657 3429 778 3507 Cypria
802 3432 836 3488 in
864 3426 985 3492 tab.X
1026 3442 1153 3504 quoque
1189 3424 1423 3503 Ephemeridos
1446 3431 1522 3487 anni

188 3545 286 3608 quern
310 3527 502 3609 supradixi
526 3534 656 3594 vitietur
681 3549 760 3610 esse,
788 3533 871 3596 sieut
894 3541 1033 3614 quatuor
1056 3529 1161 3596 orium
1193 3539 1299 3613 nepita
1321 3528 1368 3596 in.
1395 3538 1447 3600 25.
1484 3534 1521 3596 In

186 3653 319 3716 gemma
353 3637 491 3714 dentque
526 3639 595 3703 tab.
634 3643 693 3719 ΙΙΙ,
730 3643 770 3706 28
806 3657 919 3705 serras
954 3636 1061 3721 potins
1093 3657 1162 3703 esse
1202 3636 1386 3720 putaverim
1423 3657 1520 3718 quarn

190 3745 295 3808 bores.

164 3871 166 3875 ’
256 3851 345 3932 Quae
370 3859 476 3915 autern
501 3870 599 3932 supra
634 3852 701 3916 diri
736 3857 774 3918 de
799 3851 933 3936 sagittis
956 3871 1017 3917 non
1054 3860 1217 3933 pennatis,
1244 3849 1271 3916 si
1302 3862 1374 3934 quis
1414 3852 1519 3918 refelli

186 3957 312 4023 dixerit
333 3978 463 4042 gemma
486 3979 536 4040 ea,
573 3981 657 4042 quae
696 3966 783 4043 apud
818 3963 1118 4044 Furtwaenglerum
1144 3971 1191 4026 est
1213 3962 1281 4028 tab.
1316 3962 1375 4042 ΙΙΙ,
1410 3967 1462 4044 43,
1487 3967 1519 4026 in

191 4065 410 4151 Ephemeride
432 4077 539 4134 antem
572 4072 638 4134 tab.
662 4071 703 4150 X,
731 4075 782 4150 31,
821 4073 1034 4151 respondebo,
1071 4067 1236 4152 cuspidem
1270 4073 1353 4136 hane
1377 4089 1444 4136 esso
1467 4089 1519 4134 sa·

187 4173 306 4255 gittae,
330 4177 373 4239 ab
390 4175 516 4240 artifice
540 4177 697 4254 additam,
725 4183 760 4241 nt
781 4197 843 4259 quo
873 4181 936 4240 telo
975 4195 1140 4260 aegagrus
1178 4176 1380 4242 mortiferum
1404 4181 1519 4243 vulnus

185 4278 359 4364 acceperit,
383 4278 560 4364 significet.
585 4283 696 4362 Neque
720 4291 802 4347 enirn
827 4283 906 4350 haee
930 4282 1030 4347 feram
1070 4286 1213 4366 attingit,
1247 4286 1363 4348 nedum
1388 4285 1494 4348 transf
1506 4323 1518 4332 -

187 4397 252 4470 git.
277 4389 390 4453 Telum
414 4391 521 4454 autem
547 4389 593 4453 uel
618 4401 744 4470 partem
768 4392 824 4455 teli
849 4392 970 4454 addere
1005 4391 1113 4454 solitos
1137 4408 1207 4454 esse
1229 4388 1374 4456 artifices
1398 4401 1518 4458 nummi

188 4497 357 4562 Cretenses
381 4499 568 4576 ostendunt,
607 4495 717 4576 quiin
741 4493 956 4577 Ephemeride
993 4499 1062 4563 tab.
1099 4500 1162 4564 ΧΙΙ
1184 4502 1261 4562 sunt
1285 4501 1325 4562 10
1348 4506 1381 4562 et
1406 4506 1459 4574 11,
1485 4511 1518 4565 et

188 4604 252 4666 tali
280 4603 371 4684 XIII,
401 4613 431 4670 7.
459 4607 537 4672 Cum
562 4611 668 4670 autern
692 4604 776 4673 feras
800 4608 880 4670 adeo
903 4603 1035 4688 fugaces
1059 4613 1111 4672 vix
1139 4607 1237 4670 hastis
1261 4608 1371 4690 petere
1394 4616 1517 4674 ueteres
