3584 5328
756 337 887 408 ...23
918 373 968 384 ..-

197 537 246 595 est
268 540 385 611 quarta
420 550 497 612 pars
521 518 636 614 pedis'ss
672 533 787 613 Itaque
823 533 958 626 fuerunt
992 541 1048 612 qul
1073 535 1329 611 arbitrarentur,
1357 535 1440 600 hanc
1463 551 1531 600 esse

195 638 431 721 longitudinem
455 657 515 703 non
540 645 814 720 uniuscuiusque
839 657 969 718 cornus,
995 641 1053 702 sed
1075 640 1214 704 alterius
1243 643 1285 706 ad
1309 641 1448 704 alterurn
1473 643 1530 704 ad·
1643 665 1649 682 ·

197 749 266 812 diti.
306 743 399 826 Quod
440 749 476 807 ut
513 743 692 822 refelleret,
718 746 905 812 Alexander
940 742 1142 826 Cotyaeensis
1181 745 1353 812 memoriae
1388 749 1531 829 prodidit

196 849 268 916 Deli
292 869 361 917 esse
385 853 492 916 dicata
516 870 637 918 cornua
670 847 730 912 ἀπὸ
754 856 806 930 τῆς
831 847 959 934 ἐρυθρᾶς
981 848 1135 932 θαλάσσης
1159 857 1240 934 κριοῦ
1265 849 1318 932 μὲν
1344 850 1458 938 δίπηχυ
1480 853 1557 918 καὶ.

195 957 346 1026 δακτύλων
358 955 446 1038 ὀκτώ,
466 955 574 1039 τράγου
587 955 620 1018 δὲ
637 965 745 1042 πηχῶν
762 955 812 1019 δύο
826 957 874 1018 καὶ
889 956 1053 1041 σπιθαμῆς.
1070 961 1157 1024 Haec
1174 967 1284 1024 autem
1310 978 1431 1026 cornua
1458 979 1529 1026 cum
1607 985 1616 1010 υ

194 1067 310 1132 Delum
327 1074 431 1130 essent
445 1066 548 1130 allata
570 1084 589 1130 a
615 1073 699 1129 mari
724 1068 826 1129 rubro
848 1068 934 1145 quod
947 1067 1133 1131 Herodotus
1147 1069 1195 1131 rel
1211 1063 1362 1150 Ἐρυθρὴν
1376 1065 1529 1130 θάλασσαν

195 1176 245 1238 rel
269 1167 381 1234 κόλπον
405 1170 563 1254 Ἀραβικὸν
586 1174 742 1253 appellat.
769 1174 854 1236 sicut
876 1170 918 1238 H.
944 1172 1035 1238 Stein
1065 1176 1157 1238 docet
1179 1175 1221 1238 ad
1246 1176 1269 1238 i.
1296 1177 1322 1250 i,
1351 1192 1377 1238 c.
1405 1183 1436 1253 1,
1463 1183 1530 1239 sine
1634 1169 1640 1178 '

194 1284 292 1346 dubio
316 1276 380 1344 fuit
403 1297 504 1360 capra
527 1297 695 1362 aegagrus
719 1287 906 1362 cognomine
930 1279 1050 1356 Bedcn,
1075 1282 1132 1360 qui
1155 1289 1188 1344 iu
1209 1281 1334 1348 Arabia
1353 1299 1451 1362 quam
1470 1282 1530 1346 Pe-

195 1387 509 1469 traeam-appellant
532 1387 706 1450 invenitur:
727 1385 837 1467 Neque
863 1405 934 1451 vero
959 1388 1049 1450 nobis
1086 1387 1143 1450 hoc
1177 1384 1357 1453 testimonio
1383 1384 1529 1467 quamvis

111 1506 115 1514 ·
194 1497 351 1559 memoria
374 1492 474 1575 digno
498 1511 577 1574 opus
601 1502 659 1557 est.
684 1493 717 1558 Si
743 1494 827 1556 enirn
852 1493 984 1558 Homeri
1009 1499 1117 1590 aetate
1140 1494 1233 1575 δῶρον
1266 1499 1421 1558 sumimus
1444 1495 1529 1558 idem

194 1601 331 1667 valuisse
355 1605 441 1681 quod
465 1603 585 1685 postea,
628 1609 801 1681 utrumque
825 1619 924 1668 cornu
957 1607 1095 1683 aegagri
1132 1603 1307 1668 Pandarici
1341 1620 1442 1682 paene
1465 1609 1528 1665 sin·

194 1713 274 1791 gula
298 1717 402 1775 metra
426 1716 458 1774 et
483 1717 632 1788 quartam
657 1716 753 1772 metri
777 1713 903 1789 partem
939 1709 1071 1792 longum
1097 1717 1180 1772 erat.
1207 1712 1244 1775 ld
1269 1712 1354 1789 quod
1379 1727 1442 1772 non
1482 1716 1529 1774 est

193 1815 394 1883 incredibile.
412 1816 502 1880 Licet
518 1811 604 1881 enim
620 1817 858 1895 paulominora
874 1811 953 1895 sint,
973 1833 1058 1895 quae
1072 1815 1108 1880 L.
1125 1817 1165 1880 de
1180 1818 1350 1880 Liburnau
1367 1817 1529 1880 dimensus

194 1932 252 2003 est,
271 1942 391 1990 cornua
414 1929 505 2004 capri
528 1920 680 1987 decennis
697 1927 741 2004 (p.
761 1922 854 2006 872),
873 1924 979 1987 tamen
1010 1898 1153 1988 Danford
1166 1931 1279 1987 auctor
1303 1931 1353 1987 est
1377 1922 1422 2005 (p.
1448 1922 1528 2005 464)

194 2049 262 2096 esse
285 2039 318 2096 in
343 2035 455 2097 Museo
480 2034 667 2096 Britannico
691 2049 811 2095 cornua
848 2033 979 2114 singule
1003 2040 1106 2096 metra
1130 2032 1162 2095 et
1191 2028 1320 2094 vicenas
1346 2032 1434 2093 binas
1458 2047 1529 2094 ceu·

192 2146 325 2204 tesimas
349 2140 455 2222 longa,
479 2139 620 2202 homines
643 2146 751 2203 autem
775 2138 835 2203 illa
859 2135 956 2202 Asiae
981 2141 1051 2203 loca
1074 2140 1244 2202 incolentes
1268 2144 1383 2201 testari
1408 2154 1527 2200 senon

166 2238 270 2311 'raro
293 2255 450 2310 invenisse
472 2247 719 2328 sesquialterum
745 2248 883 2310 metrum
908 2248 1016 2328 longa,
1042 2245 1224 2328 hydeklser,
1249 2251 1298 2307 vir
1328 2241 1448 2320 doetus,
1473 2262 1527 2308 cu-

194 2347 245 2416 ius
267 2360 301 2417 in
325 2353 374 2416 bis
398 2354 496 2416 rebus
519 2370 643 2417 summa
668 2361 716 2416 est
740 2361 927 2430 auctoritas,
963 2353 1114 2430 testatur,
1150 2356 1233 2416 sicut
1256 2354 1306 2416 est
1330 2353 1416 2432 apud
1440 2350 1527 2444 Bus-

194 2472 304 2524 tonum
328 2478 359 2540 p.
391 2466 453 2526 194
478 2463 570 2538 adn,
596 2478 666 2524 esse
692 2478 825 2537 cornua,
852 2477 990 2539 quorum
1015 2461 1186 2541 longitudo
1210 2460 1343 2540 singula
1366 2465 1474 2522 metra
1498 2464 1530 2521 et

193 2567 334 2631 tricenas
360 2574 468 2630 ternas
492 2574 682 2630 centesimas
718 2567 848 2646 aequet.
885 2569 1001 2646 Itaque
1037 2573 1145 2629 minus
1173 2566 1360 2650 planetilia
1385 2563 1529 2645 δῶραυυ

193 2675 289 2736 nodos
313 2672 446 2751 referre,
483 2674 601 2752 quibus
635 2682 671 2736 ut
707 2671 800 2740 ibicis
824 2675 870 2739 ita
894 2670 1035 2758 aegagri
1065 2691 1193 2753 quoque
1231 2690 1367 2737 cornua
1385 2666 1530 2753 insignia

192 2787 279 2858 sunt,
306 2787 499 2864 praesertim
523 2801 594 2845 cum
618 2783 732 2847 Radde
756 2791 853 2865 neget
877 2801 894 2845 e
918 2784 1072 2845 nodorum
1097 2799 1226 2844 numero
1252 2781 1391 2846 aetatem
1415 2780 1528 2842 horum
1648 2821 1651 2832 .

193 2885 379 2954 animalium
401 2906 494 2968 ¹possa
517 2885 693 2967 aestimari,
719 2908 793 2954 nam
816 2887 849 2953 iu
874 2885 1129 2970 provectioribus
1152 2894 1260 2952 aetate
1283 2886 1451 2952 inferiores
1474 2902 1529 2949 no·

193 2997 249 3058 dos
271 3011 366 3078 saepe
392 3001 509 3058 attritu
532 3013 667 3078 prorsus
690 3013 881 3061 evanescere
905 2995 951 3079 (p.
976 3000 1067 3076 454).

261 3104 388 3170 Cornua
412 3112 519 3168 autem
543 3111 683 3187 aegagri
707 3121 727 3166 a
751 3104 901 3168 Pandaro
926 3101 1074 3181 coniecti,
1102 3113 1138 3166 ut
1163 3104 1213 3168 est
1237 3122 1266 3166 ν.
1296 3109 1372 3181 110,

628 3257 759 3345 ἀσκήσας
783 3260 938 3345 κεραοξόος
961 3259 1056 3345 ἤραρε
1079 3259 1202 3341 τέκτων,

405 3373 461 3428 πᾶν
486 3368 512 3426 θ’
538 3359 572 3428 εὖ
596 3364 715 3450 λειήνας
739 3366 873 3450 χρυσέην
897 3364 1035 3448 ἐπέθηκε
1059 3363 1204 3456 κορώνην,

259 3529 350 3610 Quae
374 3546 445 3594 cum
469 3529 526 3593 alii
551 3536 620 3592 tum
643 3523 713 3608 ipse
737 3527 780 3590 H.
808 3527 981 3593 Bluemuer
1005 3525 1038 3590 in
1053 3527 1136 3592 libro
1152 3530 1207 3608 qui
1222 3524 1410 3594 inscribitur
1426 3527 1551 3590 Tech-¹

190 3640 321 3719 nologie
357 3639 422 3700 und
457 3633 700 3718 Terminologie
735 3637 793 3699 der
821 3634 976 3701 Gewerbe
1016 3637 1079 3699 vol.
1104 3639 1146 3713 11,
1173 3654 1203 3716 p.
1230 3641 1294 3702 358
1319 3631 1367 3698 ita
1402 3634 1526 3697 intelle-

191 3744 317 3822 xerunt,
343 3753 381 3806 ut
403 3751 598 3809 tornatorem
624 3760 734 3808 arcum
761 3761 830 3806 esse
850 3743 1043 3809 fabricatum
1059 3750 1214 3824 putarent
1232 3761 1271 3807 ex
1288 3744 1363 3806 solis
1383 3739 1525 3824 aegagri

191 3849 341 3914 cornibus
364 3858 448 3913 inter
469 3867 502 3914 se
526 3854 714 3914 coniunctis.
751 3848 814 3914 Sed
847 3848 894 3916 St.
929 3848 1059 3916 Fellner
1093 3855 1268 3914 necessarie
1292 3850 1525 3912 demonstrarit

191 3957 251 4020 hac
275 3950 400 4032 ratione
442 3952 516 4018 iieri
540 3971 600 4017 non
638 3972 744 4034 posse,
781 3963 816 4017 ut
849 3957 929 4019 adeo
953 3953 1107 4020 flexibilis
1143 3955 1186 4018 sit
1223 3972 1330 4032 arcus,
1357 3961 1452 4019 uteo
1476 3959 1523 4016 uti

190 4069 361 4146 quisquam
384 4061 496 4144 possit3
523 4066 578 4128 sed
604 4064 694 4129 arcui
718 4081 734 4126 e
760 4065 849 4146 ligno
874 4065 1013 4144 quodam
1038 4060 1179 4128 flexibili
1202 4061 1343 4130 coniecto
1367 4064 1409 4126 ab
1432 4070 1523 4123 utra-

192 4189 252 4252 que
275 4178 370 4252 parte
393 4170 525 4253 singula
549 4187 669 4234 cornua
692 4169 826 4251 insuper
848 4168 947 4234 fuisse
972 4169 1074 4234 affixa
1097 4177 1277 4236 ornamenti
1294 4176 1413 4252 gratia.
1437 4165 1521 4230 Nam

191 4295 332 4358 aegagro
356 4295 483 4357 quoque
507 4295 627 4340 cornua
651 4295 729 4343 cava
752 4295 820 4340 esse
845 4291 877 4340 et
899 4284 934 4340 in
958 4295 1108 4342 mucrone
1146 4280 1274 4341 demum
1300 4285 1455 4351 concreta,
1481 4275 1523 4337 si-

191 4383 247 4446 cut
269 4383 413 4446 omuibus
439 4390 569 4460 praeter
593 4400 702 4447 cervos
727 4384 852 4448 Plinius
876 4391 1061 4446 auctorest
1085 4383 1161 4450 Nat.
1184 4383 1270 4446 Hist.
1296 4383 1316 4447 l.
1343 4384 1400 4459 iii,
1420 4404 1450 4448 c.
1470 4385 1522 4461 37,

191 4489 308 4572 §ill
332 4487 409 4555 Post
432 4487 618 4553 Fellnarurn
656 4491 741 4552 alius
766 4496 814 4551 vir
837 4490 959 4568 doctus,
995 4490 1034 4554 dc
1074 4490 1231 4567 Losoham
1259 4506 1329 4553 cuni
1353 4485 1416 4552 alio
1440 4489 1519 4566 loco,

191 4608 260 4661 tum
284 4601 317 4662 iu
340 4596 433 4660 Actia
456 4593 627 4672 societatis,
654 4609 691 4660 ut
715 4615 799 4660 nunc
823 4600 953 4677 dicitur,
985 4599 1279 4681 anthropologiam
1305 4599 1521 4680 ethnologiam
