3584 5328
755 287 966 366 ...194
1053 343 1059 352 .

261 493 326 570 Hic
349 499 432 557 enim
456 509 601 576 aegagro
626 487 801 558 insidiatur
817 486 996 572 δεδεγμένος
1020 487 1051 571 ἐν
1075 491 1264 574 nepotesque.
1295 491 1405 558 Solent
1427 497 1536 554 autem

142 653 146 662 .
185 594 334 688 aegagri
358 607 460 680 prima
489 598 559 663 luce
583 605 615 662 in
641 595 760 663 altiora
785 604 937 663 montium
965 601 1139 665 ascendere
1163 611 1290 664 etcum
1329 601 1376 663 soi
1409 597 1536 677 oceidit,

191 691 225 770 in
253 715 436 772 inaccessas
461 723 559 786 rupes
583 703 725 788 regionis
749 707 910 772 saltuosas
936 709 1044 770 redire
1067 709 1177 786 ibique
1201 713 1325 772 noctem
1341 706 1478 787 degere.
1496 705 1535 771 Id

109 815 111 818 ’
185 816 330 893 quidem
360 814 513 892 'Pschudi
541 815 661 894 Redde,
686 813 805 877 Brehm
831 814 978 878 tradunt.
1003 813 1040 876 In
1067 809 1191 890 Cilicia,
1207 809 1264 876 ubi
1287 809 1319 874 in
1345 830 1382 876 ea
1406 808 1536 893 regione

189 931 351 986 montana
374 928 559 999 versantur,
586 938 670 1000 quae
703 921 792 985 silvis
828 927 943 987 vestita
979 921 1012 983 in
1046 917 1252 984 altitudinem
1287 918 1535 988 MMMMCCCC

188 1031 315 1108 pedum
341 1046 442 1110 supra
467 1046 554 1092 merc
594 1029 757 1092 attollitur
781 1029 919 1106 indeque
954 1035 1076 1090 montes
1116 1025 1254 1107 Alpibus
1277 1021 1536 1109 similes—super·

83 1135 85 1141 ’
192 1131 349 1210 eminent,
376 1133 516 1216 Kotsehy
541 1142 653 1198 auctor
679 1144 728 1200 est
752 1151 870 1198 merem
896 1151 965 1196 esse
990 1150 1112 1210 eorum,
1145 1138 1220 1196 ante
1253 1132 1328 1195 solis
1350 1149 1537 1197 oceasume

191 1237 373 1319 cubilibus,
402 1237 459 1304 ubi
483 1240 686 1318 delituerint,
714 1241 834 1302 altiora
872 1246 995 1317 petere,
1036 1247 1109 1302 ortu
1132 1240 1207 1302 solis
1231 1246 1264 1302 in
1288 1255 1365 1305 saxa
1393 1239 1534 1304 saltuum

192 1343 251 1409 vix
274 1344 387 1428 pervia
411 1353 542 1426 reverti,
571 1353 606 1410 ut
629 1342 773 1410 interdiu
797 1345 829 1409 in
855 1345 970 1411 umbre
994 1351 1169 1424 quieseant.
1209 1345 1299 1410 Pasti
1323 1363 1394 1410 cum
1419 1347 1458 1410 de
1482 1365 1535 1413 ea-

189 1457 378 1519 cuminibus
402 1462 555 1519 montium
581 1461 613 1516 in
637 1455 741 1518 saltus
766 1455 998 1533 deproperent,
1026 1449 1171 1532 alioquin
1200 1455 1373 1518 adomnia
1397 1451 1536 1534 pavidis·
1600 1453 1604 1468 '

190 1557 296 1624 :simos
320 1558 482 1626 interdum
507 1557 670 1641 impavide
693 1561 737 1626 ad
760 1567 946 1625 venatorem
969 1560 1001 1623 in
1026 1559 1177 1642 margine
1200 1562 1300 1626 silvae
1326 1562 1535 1626 constitutum

190 1669 367 1745 accedere,
395 1677 432 1730 ut
454 1665 595 1734 feriendi
618 1677 763 1747 potestas
803 1664 857 1732 sit.
896 1665 957 1732 Sed
996 1670 1184 1746 cavendum,
1212 1686 1251 1732 ne
1274 1667 1359 1732 forte
1383 1687 1456 1733 eum
1479 1678 1536 1735 eut

189 1777 377 1842 odorentur
400 1786 457 1840 aut
480 1777 664 1852 exaudiant,
682 1777 716 1838 id
731 1773 924 1860 quodfaciie
947 1773 1021 1838 fieri
1045 1775 1155 1855 possit,
1181 1794 1251 1838 eum
1274 1771 1463 1840 omniaeius
1480 1795 1537 1860 gc-

196 1887 287 1945 neris
312 1883 469 1946 animalia
489 1886 526 1944 ut
544 1878 658 1944 auditu
683 1877 852 1958 acerrimo,
868 1887 912 1944 ita
925 1875 1134 1961 sagacissimo
1159 1880 1293 1944 odoratu
1308 1877 1383 1944 sint.
1409 1881 1452 1946 st
1475 1884 1535 1948 hac

193 1987 332 2067 quidem
356 1989 396 2050 de
412 2005 447 2050 re
472 2005 578 2050 omnes
595 1968 810 2066 consentiunt,
839 1993 895 2066 qui
919 1987 1033 2050 harum
1050 2005 1157 2050 rerum
1175 1988 1270 2071 periti
1285 1989 1371 2056 sunt.
1398 1989 1425 2057 Ε
1449 1990 1535 2053 Kno-

21 2149 30 2176 ,s
91 2091 95 2097 ’
195 2092 268 2158 teki
294 2092 455 2159 sententia
484 2101 621 2176 aegegri
662 2095 823 2158 oculorum
847 2097 947 2172 atque
982 2100 1112 2158 aurium
1145 2091 1213 2158 acie
1251 2113 1352 2179 paene
1381 2110 1536 2176 superant

192 2204 361 2282 antilopas
385 2198 587 2282 rupicapres‚
615 2209 762 2266 cautione
788 2210 820 2266 et
845 2202 1024 2266 ealliditate
1058 2219 1150 2284 pares
1189 2209 1272 2279 sunt,
1310 2204 1452 2268 enitendi
1475 2222 1534 2284 per

194 2327 279 2374 saxa
303 2310 375 2372 arte
402 2310 500 2372 multo
524 2316 722 2389 superiores.
764 2307 886 2373 Deinde
923 2325 987 2372 una
1022 2315 1054 2370 et
1087 2305 1287 2372 consentiens
1312 2316 1451 2373 omnium
1475 2329 1535 2374 ron

197 2427 261 2496 est,
290 2423 350 2479 nisi
375 2425 507 2482 venator
533 2416 664 2478 adverso
689 2424 801 2476 utatur
826 2424 918 2479 vento
933 2422 966 2479 et
981 2422 1013 2476 in
1037 2422 1202 2493 superiore
1226 2407 1303 2494 loco,
1330 2434 1425 2495 quam
1450 2416 1532 2497 fere,

196 2528 392 2599 constiterit,
419 2539 584 2601 nunquam
607 2522 697 2586 illam
723 2521 764 2584 ad
792 2517 847 2584 teli
872 2517 1048 2586 coniectum
1064 2518 1183 2585 venire.
1203 2523 1367 2588 decidisse
1394 2524 1534 2607 Kotschy

195 2630 327 2706 narrat,
354 2634 389 2693 ut
412 2637 600 2692 venatorem
625 2635 777 2692 trecentis
802 2629 948 2707 passibus
971 2630 1141 2692 distantem
1167 2632 1393 2696 odoraremur.
1420 2634 1534 2711 ltaque

194 2745 318 2816 monet,
358 2755 398 2801 ne
431 2733 504 2817 quis
529 2735 686 2817 gravetur
710 2736 891 2814 complures
926 2736 995 2798 dies
1032 2734 1243 2814 nequicquam
1281 2753 1421 2804 summos
1445 2742 1535 2802 obire

194 2856 334 2924 montes3
361 2845 517 2923 quosdam
544 2850 709 2906 venatores
733 2839 834 2905 feram
860 2842 1031 2905 decennem
1057 2847 1179 2907 secutos
1203 2852 1271 2922 post
1286 2861 1423 2911 summes
1439 2853 1533 2924 quin-

192 2971 263 3033 que
288 2954 418 3015 dierum
441 2953 570 3015 labores
604 2968 667 3013 non
709 2949 869 3013 assecutos
894 2965 962 3014 esse
995 2950 1080 3028 quod
1119 2947 1311 3032 voluissent;
1337 2968 1532 3032 quemquam

198 3079 256 3124 sex
293 3059 421 3122 adultos
456 3074 561 3120 mares
599 3063 845 3136 conspexissent,
871 3065 977 3120 tamen
1017 3063 1063 3120 eis
1096 3075 1157 3122 non
1199 3059 1382 3139 contigisse,
1409 3066 1533 3124 uttam

122 3182 125 3194 ·
197 3183 299 3250 prope
331 3168 533 3250 accederent,
560 3171 596 3225 ut
619 3181 670 3226 cos
694 3163 793 3227 ferire
818 3169 956 3243 possent.
998 3161 1062 3228 Sed
1088 3181 1191 3243 paene
1215 3180 1341 3246 semper
1365 3175 1533 3232 venatores

21 3338 26 3352 Ν,
194 3275 356 3352 quosdam
380 3269 550 3353 indigenas
574 3267 724 3355 reperiri,
750 3279 806 3349 qui
830 3287 869 3333 ea
892 3273 962 3337 loca
985 3279 1100 3348 sciant,
1119 3273 1173 3336 ubi
1191 3279 1331 3354 aegagri
1356 3289 1532 3337 commeare

116 3394 119 3403 ’
191 3383 322 3444 soleant
347 3365 395 3444 ve‘l
420 3373 552 3444 bibendi
578 3381 624 3442 vei
650 3380 759 3442 terrae
783 3388 883 3460 gustu
907 3380 1012 3444 salsae
1036 3381 1267 3444 delambendae
1291 3395 1398 3443 eausa.
1427 3378 1533 3458 Atque

44 3465 53 3476 μ
192 3487 249 3552 est
272 3487 350 3550 haec
374 3482 452 3550 salis
475 3481 614 3550 aviditas
638 3486 720 3549 adeo
746 3484 858 3549 harum
884 3482 1027 3550 ferarum
1051 3471 1195 3566 propria,
1221 3487 1258 3546 ut
1281 3491 1411 3548 minime
1438 3481 1535 3549 mire-

195 3593 247 3658 ris
271 3597 357 3674 qued
380 3597 504 3676 legitur
529 3596 615 3673 apud
639 3592 825 3658 scholiastes
850 3594 891 3658 ad
916 3595 938 3656 i.
964 3592 1028 3656 llll
1053 3613 1079 3658 v.
1107 3599 1183 3661 105:
1218 3589 1328 3676 ἰξάλου,
1362 3599 1414 3653 τοῦ
1437 3589 1534 3652 ἱκνου-

194 3696 289 3781 pe'voe
313 3698 364 3760 ἐπὶ
387 3699 454 3768 τοὺς
477 3697 561 3767 ἅλας.

266 3808 379 3887 Itaque
404 3806 572 3870 Pandarus
596 3823 722 3886 queque
747 3807 884 3868 multum
908 3811 940 3869 ct
961 3813 1113 3886 temporis
1137 3813 1169 3871 et
1193 3823 1310 3886 operae
1334 3815 1371 3870 in
1399 3809 1466 3884 loeo
1490 3809 1533 3872 ad

196 3913 333 3982 insidias
356 3921 432 3993 apto
445 3914 636 3977 inveniendo
660 3908 892 3993 consumpsisse
904 3914 1066 3992 putandus
1081 3914 1141 3978 est.
1157 3915 1308 3980 Ceterum
1325 3911 1437 3980 similis
1462 3911 1534 3980 eius

194 4030 248 4086 est
272 4024 426 4088 Hercules
450 4016 667 4096 Theocriteus
694 4016 749 4099 qui
772 4019 823 4085 Id.
850 4018 953 4094 XXV,
980 4037 1012 4084 v.
1040 4023 1101 4086 227
1127 4016 1219 4087 dicit:

413 4177 504 4262 αὐτὰρ
528 4177 588 4263 ἐγὼ
612 4173 763 4260 triponiae
787 4177 866 4262 ἄφαρ
890 4182 1048 4260 σκιεροῖσιν
1074 4175 1226 4263 ἐκρὺφῦην

414 4286 444 4350 ἐν
468 4285 558 4373 τρίβῳ
583 4283 704 4370 ὑλήεντι
729 4284 906 4370 δεδεγμένος
929 4285 1038 4346 ὁππόθ’
1062 4286 1154 4348 ἵκοιτο
1178 4285 1291 4369 (λέων).

267 4452 356 4516 Ferit
380 4458 488 4514 autem
528 4446 584 4512 ille
618 4465 799 4530 aegagrum
840 4445 896 4508 ὑπὸ
933 4448 1063 4528 στέρνοιο
1104 4443 1175 4530 πρὸς
1216 4445 1337 4529 στῆθος.
1369 4446 1533 4512 Vocabulo

193 4556 330 4640 οιέρνον,
345 4558 429 4638 quod
453 4564 490 4618 ut
513 4554 664 4633 frequens
689 4561 737 4619 est
761 4557 850 4635 apud
870 4552 1044 4620 Homerum
1068 4563 1100 4618 et
1124 4555 1233 4636 poetas
1249 4553 1350 4635 epicos
1377 4559 1533 4634 tragicos·

1393 4693 1427 4748 2*
