3584 5328
728 351 780 360 ,-
814 315 936 384 17..

169 526 247 592 pras
270 515 302 572 in
326 511 407 597 Cym
394 505 460 570 thio
495 505 569 572 Deli
592 516 699 573 monte
723 511 905 589 pascentes,
933 527 1013 624 quas
1036 512 1097 573 sub
1122 505 1357 589 Apollinist
1306 518 1357 572 tnt
1359 511 1409 573 ela
1433 527 1501 574 esso

170 611 250 680 dicit
272 617 388 699 hymno
411 615 496 678 riv.
524 623 577 681 50:

703 771 774 835 obde
798 796 849 835 κεν
873 765 958 856 αἶγες

383 879 515 942 δεὺοιντο
540 878 675 964 βρεφέιιν
706 878 897 962 ἐνιμηλάδες,
922 873 991 961 ᾗσιν
1015 881 1178 942 Ἀπόλλων

383 983 565 1070 βοσκομένης
589 985 746 1070 ὀφθαλμὸν
771 985 935 1070 ἐπήγαγεν,

237 1143 351 1229 Ὑμέιν
376 1157 485 1212 autem
510 1151 599 1227 dicit,
620 1151 708 1228 qood
723 1151 929 1227 domesticae,
952 1166 1036 1227 qnae
1051 1150 1126 1214 Deli
1142 1157 1330 1231 pascuntur,
1347 1158 1380 1215 et
1394 1149 1497 1226 ferae,

169 1273 252 1334 quae
277 1253 452 1336 magnoin
477 1264 582 1319 monte
607 1259 725 1324 Cretae
749 1262 834 1335 sunt,
859 1273 922 1320 uno
946 1263 1054 1322 temen
1078 1263 1170 1334 qnasi
1194 1274 1314 1338 genere
1337 1258 1499 1323 continen-

144 1393 149 1402 ·
167 1364 237 1428 t.ur
264 1359 408 1442 Denique
432 1371 505 1443 quis
530 1380 672 1440 unquam
696 1360 886 1439 crediderit,
861 1359 946 1426 ι1ιι
971 1367 1078 1427 monte
1101 1359 1250 1448 Cynthio,
1266 1364 1320 1443 qui
1343 1382 1414 1428 eum
1430 1364 1502 1430 CVl

168 1471 293 1535 tantum
331 1472 433 1535 metra
468 1471 623 1534 altust
578 1467 633 1550 sit,
675 1469 742 1552 ὄρος
778 1467 856 1552 μέγα
881 1489 944 1534 non
984 1488 1024 1550 po
1027 1467 1090 1532 tuit
1112 1467 1284 1550 appellari,
1312 1469 1501 1538 Callimachi

168 1585 273 1641 ιιιιιι
241 1576 382 1642 ιιιιιι
406 1595 518 1658 capras
542 1577 652 1654 fuisse,
677 1584 750 1656 quis
773 1574 805 1639 in
831 1573 936 1641 insula
959 1578 1051 1642 ιιιιι
1017 1574 1219 1657 tundique
1247 1579 1502 1644 convenientium

168 1684 320 1764 frequent
323 1692 354 1748 ιι
377 1680 512 1765 insigni,
552 1684 645 1748 tanta
669 1684 827 1766 religione
864 1681 1018 1764 praedita
1050 1701 1242 1764 quemquam
1267 1687 1318 1748 ιιι
1341 1683 1428 1750 ieras
1451 1689 1501 1750 rel

169 1793 358 1857 domesticas
383 1807 498 1871 capras
523 1799 619 1854 renat
621 1809 674 1854 um
698 1808 767 1855 esse
792 1798 824 1858 et
848 1789 1070 1856 interfecisse?
1099 1792 1164 1855 Ubi
1192 1810 1231 1856 ne
1254 1810 1347 1858 canes
1372 1790 1500 1899 quidem

170 1899 260 1964 alere
283 1899 410 1964 licuisse
435 1895 552 1961 Strabo
577 1906 691 1962 auctor
714 1898 808 1962 estl.
832 1899 874 1978 X,
902 1916 930 1965 c
960 1907 988 1977 5,
1012 1898 1087 1980 ξι,
1113 1915 1146 1978 p.
1173 1905 1251 1966 486.

235 2004 359 2068 Deinde
395 2001 434 2070 0.
461 2004 573 2068 Keller
597 2022 636 2067 er
661 2023 709 2083 eo,
747 2007 832 2085 quod
870 2013 902 2068 in
927 2007 1040 2070 Rhodo
1064 2013 1163 2086 atque
1195 2013 1228 2069 in
1253 2002 1357 2089 Cypro
1381 2009 1502 2071 multae

168 2107 313 2172 serarum
338 2127 511 2194 caprarum
536 2116 694 2191 imagines
718 2118 750 2172 in
775 2111 989 2176 monumentis
1012 2108 1216 2190 antiquitatis
1235 2129 1406 2191 expressae
1425 2123 1501 2176 sunt

169 2217 332 2298 repertae,
371 2222 459 2278 recte
495 2212 633 2298 colligit,
669 2213 701 2278 in
726 2214 776 2280 bis
800 2233 927 2296 quoque
967 2213 1083 2281 insulis
1112 2213 1293 2296 antiquitus
1315 2220 1390 2284 illas
1413 2217 1501 2284 ieras

168 2328 277 2398 fuisse.
303 2327 340 2388 ln
363 2323 476 2386 Rhodo
512 2324 549 2389 L.
576 2323 659 2388 Ross
694 2342 822 2404 quoque
855 2339 968 2390 auctor
1006 2326 1055 2388 ιιι
1092 2333 1124 2390 ιιι
1150 2322 1235 2389 libro
1264 2329 1304 2391 de
1326 2323 1502 2391 itineribus

169 2448 227 2511 per
262 2432 385 2494 insulas
422 2428 564 2494 Graecas
600 2429 694 2496 iactis
730 2433 791 2496 vol.
827 2435 887 2508 ΙΙΙ,
926 2449 959 2512 p.
990 2438 1063 2512 106,
1091 2450 1124 2495 ιι
1158 2443 1224 2496 tres
1248 2435 1365 2498 vidisse
1390 2452 1503 2514 capras

169 2536 327 2606 ιιιιιιιι.

235 2647 363 2710 Rursus
387 2665 459 2712 cum
483 2665 567 2713 nunc
592 2667 720 2728 quoque
743 2657 775 2712 in
794 2651 959 2713 nonnullis
976 2647 1051 2714 aliis
1066 2649 1224 2716 Graeciae
1239 2652 1355 2714 insulis
1372 2651 1502 2716 eaedem

168 2751 385 2831 inveniantur,
423 2747 486 2818 riri
524 2751 611 2820 docti
648 2775 707 2819 non
743 2765 811 2821 sine
846 2755 990 2822 veritatis
1026 2757 1131 2838 speeie
1165 2759 1339 2838 opinantur
1363 2772 1415 2822 eas
1437 2758 1501 2821 iam

169 2867 349 2941 antiquitus
373 2859 494 2927 ibidem
517 2863 626 2930 fuisse.
651 2864 761 2944 Atque
786 2861 925 2944 primum
940 2865 1069 2944 quidem
1087 2866 1231 2929 breviter
1248 2865 1501 2930 commemorabo

169 2985 223 3034 eas
246 2969 383 3049 insulas,
412 2971 452 3032 de
476 2972 590 3049 quibus
614 2973 699 3050 quod
723 2972 889 3035 meliorem
914 2966 1082 3037 scientiam
1106 2979 1268 3036 consecuti
1292 2990 1410 3046 sumus,
1428 2989 1499 3034 cum

168 3075 324 3154 Idrbnrdo,
349 3082 418 3141 tum
431 3073 569 3142 maxime
587 3077 621 3145 L.
637 3080 676 3142 de
690 3078 856 3143 Liburnau
869 3087 902 3143 et
913 3080 1108 3158 auctoribus,
1130 3076 1247 3159 quibus
1263 3079 1315 3144 bic
1339 3097 1416 3142 usus
1440 3084 1499 3157 est,

167 3183 207 3244 de
224 3183 346 3248 bemus.
364 3180 577 3246 Inveniuntur
591 3192 697 3248 autem
712 3180 746 3246 in
760 3182 925 3261 Gerontia,
944 3201 1009 3250 una
1025 3201 1042 3248 e
1058 3203 1191 3250 numero
1208 3183 1396 3264 Sporadum,
1416 3202 1500 3264 quae

167 3307 252 3352 nune
275 3289 378 3356 Giura
402 3292 598 3370 appellatur,
623 3299 656 3355 et
679 3289 711 3353 in
737 3288 908 3370 Antimelo,
944 3310 1007 3358 una
1031 3311 1048 3357 e
1072 3293 1282 3377 Cycladibus,
1308 3310 1392 3372 quae
1416 3309 1500 3355 nnnc

168 3397 379 3478 Erimomilos,
398 3399 484 3461 unde
499 3398 540 3462 L.
567 3397 648 3461 Ross
662 3395 837 3480 imaginem
853 3416 970 3477 caprae
993 3400 1129 3482 aegagri
1152 3400 1253 3480 lapidi
1277 3401 1408 3462 incisam
1431 3399 1500 3466 Me·

167 3505 236 3568 lum
249 3507 441 3570 translatam
452 3501 563 3585 ibique
576 3507 739 3585 repertam
751 3508 932 3590 divulgarit
945 3507 1021 3572 iibri
1033 3523 1130 3585 qoem
1142 3509 1391 3588 supradiximus
1403 3529 1432 3590 p.
1447 3514 1499 3582 21,

169 3619 221 3678 at.
247 3611 293 3674 De
316 3612 366 3676 bis
389 3629 460 3674 eum
484 3619 583 3674 testes
607 3613 784 3691 locupletes
800 3612 835 3680 L.
849 3613 889 3676 de
904 3608 1071 3675 Liburnau
1094 3612 1247 3676 habuerit
1271 3615 1306 3680 C.
1330 3613 1500 3676 Reiserum

168 3727 199 3782 et
222 3717 254 3786 J.
280 3718 474 3798 Knotekum,
502 3728 557 3798 qui
582 3723 624 3783 ad
648 3721 810 3799 idipsum
836 3728 868 3783 in
893 3717 1079 3784 Gerontiam
1103 3726 1136 3784 et
1158 3716 1344 3784 Antimelon
1368 3719 1500 3800 proiecti

167 3834 271 3902 crant,
297 3831 334 3886 ut
358 3833 509 3888 naturam
535 3826 648 3890 harum
671 3825 821 3890 ferarum
846 3833 1146 3906 perscrutarentur,
1171 3842 1226 3889 eas
1251 3828 1394 3905 quidem,
1420 3845 1501 3908 quae

167 3941 213 3998 in·
225 3929 390 3997 Antimelo
408 3942 496 4009 sunt,
513 3934 556 3995 ad
572 3928 817 3996 similitudinem
842 3927 1047 3998 Cretensium
1063 3937 1208 4010 proxime
1229 3932 1321 3994 docet
1335 3933 1497 4012 accedere,

166 4044 241 4108 illas
265 4049 296 4106 et
320 4037 399 4105 ieris
423 4049 455 4104 et
480 4037 664 4104 domesticis
688 4036 804 4119 capris,
844 4056 926 4119 quae
949 4045 1074 4102 aestate
1107 4045 1234 4117 pastum
1258 4040 1370 4102 eodem
1394 4047 1500 4102 trans-

167 4156 277 4214 vectae
302 4155 375 4229 sint,
416 4165 492 4212 usas
517 4165 585 4212 esse
607 4149 807 4228 parentibus.
842 4145 933 4210 Idem
957 4141 1185 4210 auctoritatem
1224 4145 1267 4210 K.
1293 4144 1332 4210 G.
1358 4140 1500 4208 Fiedleri

54 4281 56 4287 ’
167 4261 297 4324 secutus
322 4256 355 4320 in
380 4254 477 4338 Scyro
512 4263 546 4319 ei
569 4261 602 4318 in
627 4255 785 4336 Polyaego
815 4251 933 4333 insule,
975 4269 1057 4331 quae
1080 4271 1165 4316 nune
1195 4254 1324 4319 Polinos
1347 4262 1498 4331 vocatur,

167 4363 308 4428 Erhardi
331 4364 365 4429 in
390 4361 514 4448 Gyaro,
539 4379 622 4440 quae
646 4379 729 4424 nunc
746 4360 868 4426 Gioura
892 4362 1021 4436 dicitur,
1057 4357 1159 4423 refert
1182 4357 1269 4423 ieras
1292 4375 1409 4438 capras
1432 4376 1501 4422 esse

167 4489 188 4535 ι
211 4469 393 4536 domesticis
414 4471 582 4547 oriundas,
609 4470 651 4532 ab
674 4471 787 4532 eodem
809 4468 909 4547 tradi,
936 4465 1021 4530 feras
1045 4483 1114 4531 esse
1138 4463 1172 4528 in
1195 4469 1298 4544 Icaro,
1317 4483 1399 4543 quae
1415 4483 1499 4529 nunc

167 4561 308 4660 Nicaria,
332 4574 366 4642 in
390 4577 586 4658 Peparetho,
613 4593 696 4655 qnae
720 4574 1122 4655 nuneScopelosrocatur,
1139 4574 1289 4638 inNaxo.
1303 4567 1499 4654 Cumigiiur

1375 4713 1392 4767 2
