<?xml version="1.0" encoding="UTF-8"?>
<!DOCTYPE html PUBLIC "-//W3C//DTD XHTML 1.0 Transitional//EN"
    "http://www.w3.org/TR/xhtml1/DTD/xhtml1-transitional.dtd">
<html xmlns="http://www.w3.org/1999/xhtml" xml:lang="en" lang="en">
 <head>
  <title>
</title>
<meta http-equiv="Content-Type" content="text/html;charset=utf-8" />
  <meta name='ocr-system' content='tesseract 3.04.00' />
  <meta name='ocr-capabilities' content='ocr_page ocr_carea ocr_par ocr_line ocrx_word'/>
</head>
<body>
  <div class='ocr_page' id='page_1' title='image "./depandarovenato00schmgoog_0017.png"; bbox 0 0 3584 5328; ppageno 0'>
   <div class='ocr_carea' id='block_1_1' title="bbox 783 307 1053 406">
    <p class='ocr_par' dir='ltr' id='par_1_1' title="bbox 783 307 1053 406">
     <span class='ocr_line' id='line_1_1' title="bbox 783 307 1053 406; baseline -0.007 0"><span class='ocrx_word' id='word_1_1' title='bbox 783 307 1053 406; x_wconf 70' lang='lat' dir='ltr'>&#39;--&#39;1a-</span> 
     </span>
    </p>
   </div>
   <div class='ocr_carea' id='block_1_2' title="bbox 285 530 1612 616">
    <p class='ocr_par' dir='ltr' id='par_1_2' title="bbox 285 530 1612 616">
     <span class='ocr_line' id='line_1_2' title="bbox 285 530 1612 616; baseline 0.002 -18"><span class='ocrx_word' id='word_1_2' title='bbox 285 539 411 616; x_wconf 78' lang='lat' dir='ltr'>insigne</span> <span class='ocrx_word' id='word_1_3' title='bbox 434 541 493 614; x_wconf 85' lang='lat' dir='ltr'>est,</span> <span class='ocrx_word' id='word_1_4' title='bbox 518 535 559 597; x_wconf 87' lang='lat' dir='ltr'>ab</span> <span class='ocrx_word' id='word_1_5' title='bbox 583 551 726 616; x_wconf 86' lang='lat' dir='ltr'>aegagro</span> <span class='ocrx_word' id='word_1_6' title='bbox 750 533 905 599; x_wconf 83' lang='lat' dir='ltr'>abhorret</span> <span class='ocrx_word' id='word_1_7' title='bbox 927 543 1023 614; x_wconf 87' lang='lat' dir='ltr'>atque</span> <span class='ocrx_word' id='word_1_8' title='bbox 1047 551 1158 602; x_wconf 87' lang='lat' dir='ltr'>canem</span> <span class='ocrx_word' id='word_1_9' title='bbox 1178 530 1283 615; x_wconf 83' lang='lat' dir='ltr'>potius</span> <span class='ocrx_word' id='word_1_10' title='bbox 1299 537 1401 616; x_wconf 84' lang='lat' dir='ltr'>deeet3</span> <span class='ocrx_word' id='word_1_11' title='bbox 1423 539 1507 603; x_wconf 85' lang='lat' dir='ltr'>idern</span> <span class='ocrx_word' id='word_1_12' title='bbox 1527 536 1612 602; x_wconf 80' lang='lat' dir='ltr'>enirn</span> 
     </span>
    </p>
   </div>
   <div class='ocr_carea' id='block_1_3' title="bbox 286 634 1783 724">
    <p class='ocr_par' dir='ltr' id='par_1_3' title="bbox 286 634 1783 724">
     <span class='ocr_line' id='line_1_3' title="bbox 286 634 1783 724; baseline -0.001 -18"><span class='ocrx_word' id='word_1_13' title='bbox 286 643 460 721; x_wconf 85' lang='lat' dir='ltr'>Xenophon</span> <span class='ocrx_word' id='word_1_14' title='bbox 486 660 556 706; x_wconf 79' lang='lat' dir='ltr'>esse</span> <span class='ocrx_word' id='word_1_15' title='bbox 581 659 677 707; x_wconf 80' lang='lat' dir='ltr'>canes</span> <span class='ocrx_word' id='word_1_16' title='bbox 700 649 757 722; x_wconf 83' lang='lat' dir='ltr'>aii,</span> <span class='ocrx_word' id='word_1_17' title='bbox 782 659 865 722; x_wconf 83' lang='lat' dir='ltr'>quae</span> <span class='ocrx_word' id='word_1_18' title='bbox 891 653 1040 708; x_wconf 80' lang='lat' dir='ltr'>venantes</span> <span class='ocrx_word' id='word_1_19' title='bbox 1063 639 1216 724; x_wconf 80' lang='grc' dir='ltr'>συνάγουσι</span> <span class='ocrx_word' id='word_1_20' title='bbox 1248 639 1284 703; x_wconf 85' lang='grc' dir='ltr'>τὰ</span> <span class='ocrx_word' id='word_1_21' title='bbox 1321 634 1381 704; x_wconf 86' lang='grc' dir='ltr'>ὦτοι</span> <span class='ocrx_word' id='word_1_22' title='bbox 1416 643 1465 704; x_wconf 86' lang='grc' dir='ltr'>καὶ</span> <span class='ocrx_word' id='word_1_23' title='bbox 1490 641 1612 705; x_wconf 84' lang='grc' dir='ltr'>ἐπισκυ-</span> <span class='ocrx_word' id='word_1_24' title='bbox 1662 667 1665 680; x_wconf 77' lang='grc'><strong>’</strong></span> <span class='ocrx_word' id='word_1_25' title='bbox 1782 653 1783 660; x_wconf 77' lang='grc'>’</span> 
     </span>
    </p>
   </div>
   <div class='ocr_carea' id='block_1_4' title="bbox 282 733 1610 1046">
    <p class='ocr_par' dir='ltr' id='par_1_4' title="bbox 282 733 1610 1046">
     <span class='ocr_line' id='line_1_4' title="bbox 286 733 1592 832; baseline 0.002 -24"><span class='ocrx_word' id='word_1_26' title='bbox 286 733 479 830; x_wconf 79' lang='grc' dir='ltr'>ίλριυπάσασαι</span> <span class='ocrx_word' id='word_1_27' title='bbox 503 747 550 809; x_wconf 83' lang='grc' dir='ltr'>διὰ</span> <span class='ocrx_word' id='word_1_28' title='bbox 573 755 624 809; x_wconf 82' lang='grc' dir='ltr'>τοῦ</span> <span class='ocrx_word' id='word_1_29' title='bbox 648 747 750 830; x_wconf 80' lang='grc' dir='ltr'>ἴχνους</span> <span class='ocrx_word' id='word_1_30' title='bbox 775 745 921 831; x_wconf 88' lang='grc' dir='ltr'>σχάσσσαι</span> <span class='ocrx_word' id='word_1_31' title='bbox 944 744 999 829; x_wconf 81' lang='grc' dir='ltr'>τήν</span> <span class='ocrx_word' id='word_1_32' title='bbox 1024 744 1113 830; x_wconf 74' lang='grc' dir='ltr'>οὐρὰν</span> <span class='ocrx_word' id='word_1_33' title='bbox 1137 747 1187 808; x_wconf 86' lang='grc' dir='ltr'>καὶ</span> <span class='ocrx_word' id='word_1_34' title='bbox 1212 741 1358 831; x_wconf 74' lang='grc' dir='ltr'>φράξασαι</span> <span class='ocrx_word' id='word_1_35' title='bbox 1381 747 1592 832; x_wconf 83' lang='grc' dir='ltr'>διατρέχουσιν.</span> 
     </span>
     <span class='ocr_line' id='line_1_5' title="bbox 352 849 1610 938; baseline 0.002 -20"><span class='ocrx_word' id='word_1_36' title='bbox 352 857 465 934; x_wconf 89' lang='lat' dir='ltr'>Neque</span> <span class='ocrx_word' id='word_1_37' title='bbox 489 853 595 938; x_wconf 88' lang='lat' dir='ltr'>magis</span> <span class='ocrx_word' id='word_1_38' title='bbox 620 873 782 937; x_wconf 88' lang='lat' dir='ltr'>aegagros</span> <span class='ocrx_word' id='word_1_39' title='bbox 805 862 838 920; x_wconf 93' lang='lat' dir='ltr'>in</span> <span class='ocrx_word' id='word_1_40' title='bbox 863 855 991 920; x_wconf 78' lang='lat' dir='ltr'>Troade</span> <span class='ocrx_word' id='word_1_41' title='bbox 1032 849 1132 920; x_wconf 87' lang='lat' dir='ltr'>fuisse</span> <span class='ocrx_word' id='word_1_42' title='bbox 1156 857 1342 920; x_wconf 82' lang='lat' dir='ltr'>documento</span> <span class='ocrx_word' id='word_1_43' title='bbox 1366 857 1441 920; x_wconf 87' lang='lat' dir='ltr'>suni</span> <span class='ocrx_word' id='word_1_44' title='bbox 1463 861 1610 921; x_wconf 85' lang='lat' dir='ltr'>minutis-</span> 
     </span>
     <span class='ocr_line' id='line_1_6' title="bbox 282 959 1610 1046; baseline 0.003 -22"><span class='ocrx_word' id='word_1_45' title='bbox 282 969 383 1026; x_wconf 86' lang='lat' dir='ltr'>simae</span> <span class='ocrx_word' id='word_1_46' title='bbox 408 963 595 1026; x_wconf 85' lang='lat' dir='ltr'>animalium</span> <span class='ocrx_word' id='word_1_47' title='bbox 632 959 791 1046; x_wconf 74' lang='lat' dir='ltr'>imagines</span> <span class='ocrx_word' id='word_1_48' title='bbox 813 969 847 1025; x_wconf 86' lang='lat' dir='ltr'>in</span> <span class='ocrx_word' id='word_1_49' title='bbox 871 961 960 1028; x_wconf 88' lang='lat' dir='ltr'>Novo</span> <span class='ocrx_word' id='word_1_50' title='bbox 984 964 1071 1041; x_wconf 91' lang='lat' dir='ltr'>quod</span> <span class='ocrx_word' id='word_1_51' title='bbox 1103 963 1215 1026; x_wconf 87' lang='lat' dir='ltr'>dieunt</span> <span class='ocrx_word' id='word_1_52' title='bbox 1249 965 1309 1030; x_wconf 91' lang='lat' dir='ltr'>Ilio</span> <span class='ocrx_word' id='word_1_53' title='bbox 1342 959 1610 1031; x_wconf 85' lang='lat' dir='ltr'>aSehiiemann&#39;o</span> 
     </span>
    </p>
   </div>
   <div class='ocr_carea' id='block_1_5' title="bbox 286 1071 1716 1153">
    <p class='ocr_par' dir='ltr' id='par_1_5' title="bbox 286 1025 1783 1170">
     <span class='ocr_line' id='line_1_7' title="bbox 286 1071 1716 1153; baseline 0.001 -22"><span class='ocrx_word' id='word_1_54' title='bbox 286 1077 443 1150; x_wconf 85' lang='lat' dir='ltr'>repertae,</span> <span class='ocrx_word' id='word_1_55' title='bbox 471 1087 552 1150; x_wconf 83' lang='lat' dir='ltr'>quas</span> <span class='ocrx_word' id='word_1_56' title='bbox 576 1088 607 1150; x_wconf 93' lang='lat' dir='ltr'>p.</span> <span class='ocrx_word' id='word_1_57' title='bbox 636 1076 696 1137; x_wconf 84' lang='lat'>691</span> <span class='ocrx_word' id='word_1_58' title='bbox 723 1074 756 1134; x_wconf 88' lang='lat' dir='ltr'>et</span> <span class='ocrx_word' id='word_1_59' title='bbox 781 1076 844 1136; x_wconf 80' lang='lat'>692</span> <span class='ocrx_word' id='word_1_60' title='bbox 870 1071 969 1148; x_wconf 79' lang='lat' dir='ltr'>videS,</span> <span class='ocrx_word' id='word_1_61' title='bbox 997 1076 1022 1132; x_wconf 90' lang='lat' dir='ltr'>si</span> <span class='ocrx_word' id='word_1_62' title='bbox 1047 1072 1176 1148; x_wconf 90' lang='lat' dir='ltr'>quidem</span> <span class='ocrx_word' id='word_1_63' title='bbox 1201 1077 1276 1132; x_wconf 88' lang='lat' dir='ltr'>sunt</span> <span class='ocrx_word' id='word_1_64' title='bbox 1293 1087 1518 1153; x_wconf 84' lang='lat' dir='ltr'>aegagrornm‚</span> <span class='ocrx_word' id='word_1_65' title='bbox 1536 1088 1609 1135; x_wconf 91' lang='lat' dir='ltr'>nam</span> <span class='ocrx_word' id='word_1_66' title='bbox 1711 1106 1716 1122; x_wconf 66' lang='grc'><strong>»</strong></span> 
     </span>
    </p>
   </div>
   <div class='ocr_carea' id='block_1_6' title="bbox 261 1173 1672 4030">
    <p class='ocr_par' dir='ltr' id='par_1_6' title="bbox 279 1173 1611 1684">
     <span class='ocr_line' id='line_1_8' title="bbox 285 1173 1610 1258; baseline 0.002 -21"><span class='ocrx_word' id='word_1_67' title='bbox 285 1193 323 1238; x_wconf 91' lang='lat' dir='ltr'>ne</span> <span class='ocrx_word' id='word_1_68' title='bbox 347 1177 502 1256; x_wconf 82' lang='lat' dir='ltr'>punctulo</span> <span class='ocrx_word' id='word_1_69' title='bbox 526 1179 653 1258; x_wconf 89' lang='lat' dir='ltr'>quidem</span> <span class='ocrx_word' id='word_1_70' title='bbox 678 1177 789 1240; x_wconf 85' lang='lat' dir='ltr'>addito</span> <span class='ocrx_word' id='word_1_71' title='bbox 815 1178 915 1240; x_wconf 87' lang='lat' dir='ltr'>barba</span> <span class='ocrx_word' id='word_1_72' title='bbox 938 1173 1154 1256; x_wconf 88' lang='lat' dir='ltr'>signifieatur.</span> <span class='ocrx_word' id='word_1_73' title='bbox 1194 1174 1257 1240; x_wconf 87' lang='lat' dir='ltr'>Sed</span> <span class='ocrx_word' id='word_1_74' title='bbox 1281 1177 1341 1240; x_wconf 88' lang='lat' dir='ltr'>hae</span> <span class='ocrx_word' id='word_1_75' title='bbox 1365 1183 1524 1258; x_wconf 81' lang='lat' dir='ltr'>imagines</span> <span class='ocrx_word' id='word_1_76' title='bbox 1548 1195 1610 1241; x_wconf 92' lang='lat' dir='ltr'>non</span> 
     </span>
     <span class='ocr_line' id='line_1_9' title="bbox 284 1279 1607 1366; baseline -0.001 -19"><span class='ocrx_word' id='word_1_77' title='bbox 284 1290 390 1347; x_wconf 86' lang='lat' dir='ltr'>minus</span> <span class='ocrx_word' id='word_1_78' title='bbox 415 1299 431 1344; x_wconf 89' lang='lat' dir='ltr'>e</span> <span class='ocrx_word' id='word_1_79' title='bbox 456 1285 630 1363; x_wconf 87' lang='lat' dir='ltr'>longinquo</span> <span class='ocrx_word' id='word_1_80' title='bbox 654 1283 808 1346; x_wconf 78' lang='lat' dir='ltr'>advectae</span> <span class='ocrx_word' id='word_1_81' title='bbox 832 1299 899 1346; x_wconf 90' lang='lat' dir='ltr'>esse</span> <span class='ocrx_word' id='word_1_82' title='bbox 922 1283 1066 1366; x_wconf 78' lang='lat' dir='ltr'>possunt,</span> <span class='ocrx_word' id='word_1_83' title='bbox 1108 1300 1203 1362; x_wconf 90' lang='lat' dir='ltr'>quam</span> <span class='ocrx_word' id='word_1_84' title='bbox 1229 1279 1388 1347; x_wconf 85' lang='lat' dir='ltr'>musivum</span> <span class='ocrx_word' id='word_1_85' title='bbox 1413 1282 1493 1346; x_wconf 90' lang='lat' dir='ltr'>iliud</span> <span class='ocrx_word' id='word_1_86' title='bbox 1518 1301 1607 1364; x_wconf 89' lang='lat' dir='ltr'>opus,</span> 
     </span>
     <span class='ocr_line' id='line_1_10' title="bbox 280 1385 1609 1472; baseline 0.002 -20"><span class='ocrx_word' id='word_1_87' title='bbox 280 1391 369 1469; x_wconf 90' lang='lat' dir='ltr'>quod</span> <span class='ocrx_word' id='word_1_88' title='bbox 394 1385 531 1471; x_wconf 86' lang='lat' dir='ltr'>aegagri</span> <span class='ocrx_word' id='word_1_89' title='bbox 555 1385 730 1470; x_wconf 87' lang='lat' dir='ltr'>imaginem</span> <span class='ocrx_word' id='word_1_90' title='bbox 754 1389 852 1453; x_wconf 87' lang='lat' dir='ltr'>habet</span> <span class='ocrx_word' id='word_1_91' title='bbox 866 1387 967 1472; x_wconf 84' lang='lat' dir='ltr'>[apud</span> <span class='ocrx_word' id='word_1_92' title='bbox 990 1389 1198 1470; x_wconf 89' lang='lat' dir='ltr'>Kellerump.</span> <span class='ocrx_word' id='word_1_93' title='bbox 1224 1391 1294 1466; x_wconf 82' lang='grc'>45),</span> <span class='ocrx_word' id='word_1_94' title='bbox 1313 1385 1536 1453; x_wconf 82' lang='lat' dir='ltr'>Halisarnassi</span> <span class='ocrx_word' id='word_1_95' title='bbox 1560 1407 1609 1455; x_wconf 89' lang='lat' dir='ltr'>re·</span> 
     </span>
     <span class='ocr_line' id='line_1_11' title="bbox 283 1493 1611 1579; baseline 0 -19"><span class='ocrx_word' id='word_1_96' title='bbox 283 1499 423 1579; x_wconf 83' lang='lat' dir='ltr'>pertum;</span> <span class='ocrx_word' id='word_1_97' title='bbox 461 1504 678 1576; x_wconf 87' lang='lat' dir='ltr'>nequeenim</span> <span class='ocrx_word' id='word_1_98' title='bbox 716 1498 850 1562; x_wconf 88' lang='lat' dir='ltr'>dubium</span> <span class='ocrx_word' id='word_1_99' title='bbox 876 1512 948 1562; x_wconf 87' lang='lat' dir='ltr'>esse</span> <span class='ocrx_word' id='word_1_100' title='bbox 973 1503 1086 1577; x_wconf 89' lang='lat' dir='ltr'>potest,</span> <span class='ocrx_word' id='word_1_101' title='bbox 1129 1493 1206 1576; x_wconf 94' lang='lat' dir='ltr'>quin</span> <span class='ocrx_word' id='word_1_102' title='bbox 1232 1513 1335 1576; x_wconf 83' lang='lat' dir='ltr'>neque</span> <span class='ocrx_word' id='word_1_103' title='bbox 1358 1501 1391 1559; x_wconf 90' lang='lat' dir='ltr'>in</span> <span class='ocrx_word' id='word_1_104' title='bbox 1414 1514 1495 1578; x_wconf 88' lang='lat' dir='ltr'>agro</span> <span class='ocrx_word' id='word_1_105' title='bbox 1519 1497 1611 1562; x_wconf 88' lang='lat' dir='ltr'>Hali·</span> 
     </span>
     <span class='ocr_line' id='line_1_12' title="bbox 279 1597 1607 1684; baseline 0.002 -17"><span class='ocrx_word' id='word_1_106' title='bbox 279 1597 488 1670; x_wconf 79' lang='lat' dir='ltr'>earnassensi</span> <span class='ocrx_word' id='word_1_107' title='bbox 509 1611 659 1683; x_wconf 85' lang='lat' dir='ltr'>usquein</span> <span class='ocrx_word' id='word_1_108' title='bbox 677 1599 755 1666; x_wconf 85' lang='lat' dir='ltr'>loeis</span> <span class='ocrx_word' id='word_1_109' title='bbox 772 1621 871 1684; x_wconf 91' lang='lat' dir='ltr'>prope</span> <span class='ocrx_word' id='word_1_110' title='bbox 887 1603 972 1666; x_wconf 88' lang='lat' dir='ltr'>huno</span> <span class='ocrx_word' id='word_1_111' title='bbox 987 1609 1058 1666; x_wconf 87' lang='lat' dir='ltr'>sitis</span> <span class='ocrx_word' id='word_1_112' title='bbox 1074 1604 1217 1682; x_wconf 89' lang='lat' dir='ltr'>unquam</span> <span class='ocrx_word' id='word_1_113' title='bbox 1235 1611 1374 1684; x_wconf 84' lang='lat' dir='ltr'>aegagri</span> <span class='ocrx_word' id='word_1_114' title='bbox 1386 1598 1512 1666; x_wconf 87' lang='lat' dir='ltr'>inventi</span> <span class='ocrx_word' id='word_1_115' title='bbox 1531 1599 1607 1670; x_wconf 89' lang='lat' dir='ltr'>sint.</span> 
     </span>
    </p>

    <p class='ocr_par' dir='ltr' id='par_1_7' title="bbox 261 1705 1672 3076">
     <span class='ocr_line' id='line_1_13' title="bbox 349 1705 1607 1790; baseline 0.002 -18"><span class='ocrx_word' id='word_1_116' title='bbox 349 1706 507 1776; x_wconf 82' lang='lat' dir='ltr'>Nicandri</span> <span class='ocrx_word' id='word_1_117' title='bbox 547 1717 654 1776; x_wconf 91' lang='lat' dir='ltr'>autem</span> <span class='ocrx_word' id='word_1_118' title='bbox 698 1710 842 1773; x_wconf 86' lang='lat' dir='ltr'>alierum</span> <span class='ocrx_word' id='word_1_119' title='bbox 885 1718 935 1774; x_wconf 85' lang='lat' dir='ltr'>est</span> <span class='ocrx_word' id='word_1_120' title='bbox 973 1705 1202 1774; x_wconf 89' lang='lat' dir='ltr'>testimoninm.</span> <span class='ocrx_word' id='word_1_121' title='bbox 1225 1705 1289 1790; x_wconf 81' lang='lat' dir='ltr'>Qui</span> <span class='ocrx_word' id='word_1_122' title='bbox 1315 1727 1397 1789; x_wconf 89' lang='lat' dir='ltr'>quae</span> <span class='ocrx_word' id='word_1_123' title='bbox 1430 1706 1607 1775; x_wconf 88' lang='lat' dir='ltr'>Theriaeon</span> 
     </span>
     <span class='ocr_line' id='line_1_14' title="bbox 281 1814 1608 1898; baseline 0.003 -20"><span class='ocrx_word' id='word_1_124' title='bbox 281 1836 310 1883; x_wconf 90' lang='grc' dir='ltr'>ν.</span> <span class='ocrx_word' id='word_1_125' title='bbox 337 1822 400 1883; x_wconf 83' lang='grc'>668</span> <span class='ocrx_word' id='word_1_126' title='bbox 424 1833 494 1895; x_wconf 87' lang='lat' dir='ltr'>sqq.</span> <span class='ocrx_word' id='word_1_127' title='bbox 519 1817 732 1880; x_wconf 70' lang='lat' dir='ltr'>docet—nam</span> <span class='ocrx_word' id='word_1_128' title='bbox 770 1814 1063 1895; x_wconf 84' lang='lat' dir='ltr'>Alenipharmaeon</span> <span class='ocrx_word' id='word_1_129' title='bbox 1101 1835 1134 1882; x_wconf 88' lang='grc' dir='ltr'>ν.</span> <span class='ocrx_word' id='word_1_130' title='bbox 1161 1819 1201 1884; x_wconf 84' lang='grc'>36</span> <span class='ocrx_word' id='word_1_131' title='bbox 1226 1834 1313 1897; x_wconf 45' lang='lat' dir='ltr'>sqq*</span> <span class='ocrx_word' id='word_1_132' title='bbox 1337 1818 1400 1882; x_wconf 87' lang='lat' dir='ltr'>hue</span> <span class='ocrx_word' id='word_1_133' title='bbox 1422 1835 1483 1881; x_wconf 90' lang='lat' dir='ltr'>uon</span> <span class='ocrx_word' id='word_1_134' title='bbox 1507 1823 1608 1898; x_wconf 87' lang='lat' dir='ltr'>perti-</span> 
     </span>
     <span class='ocr_line' id='line_1_15' title="bbox 280 1920 1604 2006; baseline 0 -19"><span class='ocrx_word' id='word_1_135' title='bbox 280 1925 485 1988; x_wconf 84' lang='lat' dir='ltr'>neni—--haen</span> <span class='ocrx_word' id='word_1_136' title='bbox 509 1925 684 1989; x_wconf 85' lang='lat' dir='ltr'>Euteenius</span> <span class='ocrx_word' id='word_1_137' title='bbox 707 1923 758 1986; x_wconf 87' lang='lat' dir='ltr'>his</span> <span class='ocrx_word' id='word_1_138' title='bbox 774 1925 878 1987; x_wconf 87' lang='lat' dir='ltr'>verbis</span> <span class='ocrx_word' id='word_1_139' title='bbox 901 1923 1148 2006; x_wconf 82' lang='lat' dir='ltr'>interpretatur.</span> <span class='ocrx_word' id='word_1_140' title='bbox 1165 1923 1313 1988; x_wconf 85' lang='lat' dir='ltr'>Alcibius</span> <span class='ocrx_word' id='word_1_141' title='bbox 1328 1920 1470 2005; x_wconf 84' lang='lat' dir='ltr'>quidam,</span> <span class='ocrx_word' id='word_1_142' title='bbox 1488 1920 1604 2005; x_wconf 89' lang='lat' dir='ltr'>iuquit,</span> 
     </span>
     <span class='ocr_line' id='line_1_16' title="bbox 261 2026 1608 2116; baseline 0.001 -26"><span class='ocrx_word' id='word_1_143' title='bbox 261 2029 351 2114; x_wconf 61' lang='lat' dir='ltr'>vuep&#39;t</span> <span class='ocrx_word' id='word_1_144' title='bbox 374 2027 406 2088; x_wconf 80' lang='grc' dir='ltr'>τὸ</span> <span class='ocrx_word' id='word_1_145' title='bbox 432 2027 622 2110; x_wconf 82' lang='grc' dir='ltr'>Φαλάκραιον</span> <span class='ocrx_word' id='word_1_146' title='bbox 644 2029 710 2112; x_wconf 86' lang='grc' dir='ltr'>ὄρος</span> <span class='ocrx_word' id='word_1_147' title='bbox 734 2033 783 2093; x_wconf 84' lang='grc' dir='ltr'>καὶ</span> <span class='ocrx_word' id='word_1_148' title='bbox 807 2026 951 2110; x_wconf 81' lang='grc' dir='ltr'>Κμύμνην</span> <span class='ocrx_word' id='word_1_149' title='bbox 975 2029 1025 2090; x_wconf 87' lang='grc' dir='ltr'>καὶ</span> <span class='ocrx_word' id='word_1_150' title='bbox 1049 2027 1173 2112; x_wconf 85' lang='grc' dir='ltr'>Γράσον,</span> <span class='ocrx_word' id='word_1_151' title='bbox 1195 2027 1272 2112; x_wconf 86' lang='grc' dir='ltr'>άπερ</span> <span class='ocrx_word' id='word_1_152' title='bbox 1297 2027 1374 2091; x_wconf 85' lang='grc' dir='ltr'>ἐστὶν</span> <span class='ocrx_word' id='word_1_153' title='bbox 1399 2029 1496 2092; x_wconf 76' lang='grc' dir='ltr'>ἅπεδα</span> <span class='ocrx_word' id='word_1_154' title='bbox 1511 2031 1608 2116; x_wconf 81' lang='grc' dir='ltr'>χωρία</span> 
     </span>
     <span class='ocr_line' id='line_1_17' title="bbox 280 2131 1672 2220; baseline 0.003 -24"><span class='ocrx_word' id='word_1_155' title='bbox 280 2141 335 2218; x_wconf 79' lang='grc' dir='ltr'>τῆς</span> <span class='ocrx_word' id='word_1_156' title='bbox 358 2135 479 2216; x_wconf 77' lang='grc' dir='ltr'>Τροίας,</span> <span class='ocrx_word' id='word_1_157' title='bbox 520 2131 696 2218; x_wconf 74' lang='grc' dir='ltr'>ἐκυνηγέτει</span> <span class='ocrx_word' id='word_1_158' title='bbox 720 2135 907 2220; x_wconf 77' lang='grc' dir='ltr'>φιλοχωρῶν·</span> <span class='ocrx_word' id='word_1_159' title='bbox 948 2133 1078 2196; x_wconf 75' lang='grc' dir='ltr'>ἐνταῦθα</span> <span class='ocrx_word' id='word_1_160' title='bbox 1117 2137 1248 2216; x_wconf 85' lang='grc' dir='ltr'>λειμῶνα</span> <span class='ocrx_word' id='word_1_161' title='bbox 1272 2134 1442 2198; x_wconf 75' lang='grc' dir='ltr'>δείκνυσθαι</span> <span class='ocrx_word' id='word_1_162' title='bbox 1464 2145 1517 2198; x_wconf 83' lang='grc' dir='ltr'>τοῦ</span> <span class='ocrx_word' id='word_1_163' title='bbox 1541 2137 1607 2198; x_wconf 75' lang='lat' dir='ltr'>doo-</span> <span class='ocrx_word' id='word_1_164' title='bbox 1667 2195 1672 2200; x_wconf 91' lang='lat'>.</span> 
     </span>
     <span class='ocr_line' id='line_1_18' title="bbox 280 2234 1607 2328; baseline -0.001 -23"><span class='ocrx_word' id='word_1_165' title='bbox 280 2241 360 2328; x_wconf 91' lang='grc' dir='ltr'>ρείου</span> <span class='ocrx_word' id='word_1_166' title='bbox 383 2241 488 2303; x_wconf 85' lang='grc' dir='ltr'>ἵππου·</span> <span class='ocrx_word' id='word_1_167' title='bbox 516 2249 745 2324; x_wconf 73' lang='grc' dir='ltr'>κυνηγετοῦντος</span> <span class='ocrx_word' id='word_1_168' title='bbox 783 2241 809 2302; x_wconf 80' lang='grc' dir='ltr'>δ’</span> <span class='ocrx_word' id='word_1_169' title='bbox 833 2234 884 2302; x_wconf 78' lang='grc' dir='ltr'>οὖν</span> <span class='ocrx_word' id='word_1_170' title='bbox 909 2239 1000 2303; x_wconf 79' lang='grc' dir='ltr'>αὐτοῦ</span> <span class='ocrx_word' id='word_1_171' title='bbox 1032 2240 1082 2303; x_wconf 86' lang='grc' dir='ltr'>καὶ</span> <span class='ocrx_word' id='word_1_172' title='bbox 1117 2239 1342 2313; x_wconf 78' lang='grc' dir='ltr'>ἐπικελεὺοντος</span> <span class='ocrx_word' id='word_1_173' title='bbox 1374 2241 1428 2326; x_wconf 79' lang='grc' dir='ltr'>τὴν</span> <span class='ocrx_word' id='word_1_174' title='bbox 1453 2241 1607 2306; x_wconf 84' lang='grc' dir='ltr'>Λάκαιναν</span> 
     </span>
     <span class='ocr_line' id='line_1_19' title="bbox 278 2345 1606 2435; baseline -0.002 -20"><span class='ocrx_word' id='word_1_175' title='bbox 278 2353 380 2433; x_wconf 79' lang='lat' dir='ltr'>(apud</span> <span class='ocrx_word' id='word_1_176' title='bbox 404 2349 601 2414; x_wconf 80' lang='lat' dir='ltr'>Nicandrum</span> <span class='ocrx_word' id='word_1_177' title='bbox 626 2360 674 2414; x_wconf 84' lang='lat' dir='ltr'>ast</span> <span class='ocrx_word' id='word_1_178' title='bbox 697 2346 897 2432; x_wconf 77' lang='grc' dir='ltr'>Ἀμυκλαίαν)</span> <span class='ocrx_word' id='word_1_179' title='bbox 923 2347 1031 2410; x_wconf 74' lang='grc' dir='ltr'>ἐλθεῖν</span> <span class='ocrx_word' id='word_1_180' title='bbox 1060 2349 1134 2410; x_wconf 77' lang='grc' dir='ltr'>κύνα</span> <span class='ocrx_word' id='word_1_181' title='bbox 1158 2351 1224 2410; x_wconf 89' lang='grc' dir='ltr'>κατ’</span> <span class='ocrx_word' id='word_1_182' title='bbox 1258 2345 1340 2434; x_wconf 82' lang='grc' dir='ltr'>αἰγὸς</span> <span class='ocrx_word' id='word_1_183' title='bbox 1364 2347 1473 2433; x_wconf 78' lang='grc' dir='ltr'>ἀγρίου,</span> <span class='ocrx_word' id='word_1_184' title='bbox 1498 2353 1606 2435; x_wconf 79' lang='grc' dir='ltr'>προελ·</span> 
     </span>
     <span class='ocr_line' id='line_1_20' title="bbox 279 2450 1604 2540; baseline 0.002 -24"><span class='ocrx_word' id='word_1_185' title='bbox 279 2455 391 2538; x_wconf 59' lang='lat' dir='ltr'>noima</span> <span class='ocrx_word' id='word_1_186' title='bbox 428 2455 528 2539; x_wconf 79' lang='grc' dir='ltr'>ὀλίγον</span> <span class='ocrx_word' id='word_1_187' title='bbox 563 2461 617 2540; x_wconf 79' lang='grc' dir='ltr'>τῆς</span> <span class='ocrx_word' id='word_1_188' title='bbox 641 2452 735 2526; x_wconf 84' lang='grc' dir='ltr'>κυνὸς.</span> <span class='ocrx_word' id='word_1_189' title='bbox 763 2455 812 2517; x_wconf 88' lang='grc' dir='ltr'>καὶ</span> <span class='ocrx_word' id='word_1_190' title='bbox 835 2453 912 2517; x_wconf 83' lang='grc' dir='ltr'>κατά</span> <span class='ocrx_word' id='word_1_191' title='bbox 935 2453 1034 2538; x_wconf 82' lang='grc' dir='ltr'>στίβον</span> <span class='ocrx_word' id='word_1_192' title='bbox 1059 2453 1228 2540; x_wconf 79' lang='grc' dir='ltr'>ἐρχομένης</span> <span class='ocrx_word' id='word_1_193' title='bbox 1251 2451 1288 2539; x_wconf 83' lang='grc' dir='ltr'>ἧς</span> <span class='ocrx_word' id='word_1_194' title='bbox 1311 2450 1416 2539; x_wconf 71' lang='grc' dir='ltr'>μετῄει</span> <span class='ocrx_word' id='word_1_195' title='bbox 1449 2451 1604 2540; x_wconf 77' lang='grc' dir='ltr'>θήρας,ἡ</span> 
     </span>
     <span class='ocr_line' id='line_1_21' title="bbox 280 2561 1605 2648; baseline 0.002 -21"><span class='ocrx_word' id='word_1_196' title='bbox 280 2561 420 2627; x_wconf 85' lang='grc' dir='ltr'>Λάκαινα</span> <span class='ocrx_word' id='word_1_197' title='bbox 444 2565 563 2625; x_wconf 81' lang='grc' dir='ltr'>παίεται</span> <span class='ocrx_word' id='word_1_198' title='bbox 587 2563 637 2625; x_wconf 78' lang='grc' dir='ltr'>ὑπ’</span> <span class='ocrx_word' id='word_1_199' title='bbox 663 2561 797 2648; x_wconf 82' lang='grc' dir='ltr'>ἐχίδνης.</span> <span class='ocrx_word' id='word_1_200' title='bbox 824 2565 892 2628; x_wconf 85' lang='grc' dir='ltr'>Ηοο</span> <span class='ocrx_word' id='word_1_201' title='bbox 915 2570 1131 2628; x_wconf 87' lang='lat' dir='ltr'>testimonium</span> <span class='ocrx_word' id='word_1_202' title='bbox 1156 2564 1326 2645; x_wconf 81' lang='lat' dir='ltr'>Nicandri,</span> <span class='ocrx_word' id='word_1_203' title='bbox 1351 2571 1407 2645; x_wconf 91' lang='lat' dir='ltr'>qui</span> <span class='ocrx_word' id='word_1_204' title='bbox 1435 2583 1546 2629; x_wconf 85' lang='lat' dir='ltr'>vereor</span> <span class='ocrx_word' id='word_1_205' title='bbox 1570 2579 1605 2631; x_wconf 84' lang='lat' dir='ltr'>ut</span> 
     </span>
     <span class='ocr_line' id='line_1_22' title="bbox 280 2667 1604 2752; baseline 0.001 -16"><span class='ocrx_word' id='word_1_206' title='bbox 280 2669 431 2749; x_wconf 80' lang='lat' dir='ltr'>omnium,</span> <span class='ocrx_word' id='word_1_207' title='bbox 457 2674 497 2735; x_wconf 91' lang='lat' dir='ltr'>de</span> <span class='ocrx_word' id='word_1_208' title='bbox 521 2667 638 2751; x_wconf 90' lang='lat' dir='ltr'>quibus</span> <span class='ocrx_word' id='word_1_209' title='bbox 662 2668 788 2747; x_wconf 83' lang='lat' dir='ltr'>serinii,</span> <span class='ocrx_word' id='word_1_210' title='bbox 812 2689 920 2736; x_wconf 87' lang='lat' dir='ltr'>rerum</span> <span class='ocrx_word' id='word_1_211' title='bbox 945 2669 1068 2751; x_wconf 87' lang='lat' dir='ltr'>peritus</span> <span class='ocrx_word' id='word_1_212' title='bbox 1091 2669 1205 2752; x_wconf 83' lang='lat' dir='ltr'>fuerit,</span> <span class='ocrx_word' id='word_1_213' title='bbox 1231 2673 1282 2737; x_wconf 88' lang='lat' dir='ltr'>vel</span> <span class='ocrx_word' id='word_1_214' title='bbox 1306 2673 1346 2736; x_wconf 90' lang='lat' dir='ltr'>ob</span> <span class='ocrx_word' id='word_1_215' title='bbox 1369 2673 1451 2736; x_wconf 86' lang='lat' dir='ltr'>haue</span> <span class='ocrx_word' id='word_1_216' title='bbox 1475 2690 1604 2737; x_wconf 88' lang='lat' dir='ltr'>eausam</span> 
     </span>
     <span class='ocr_line' id='line_1_23' title="bbox 277 2776 1604 2862; baseline 0 -18"><span class='ocrx_word' id='word_1_217' title='bbox 277 2779 340 2844; x_wconf 89' lang='lat' dir='ltr'>fide</span> <span class='ocrx_word' id='word_1_218' title='bbox 364 2799 424 2844; x_wconf 91' lang='lat' dir='ltr'>non</span> <span class='ocrx_word' id='word_1_219' title='bbox 451 2797 521 2844; x_wconf 87' lang='lat' dir='ltr'>esse</span> <span class='ocrx_word' id='word_1_220' title='bbox 546 2776 679 2858; x_wconf 88' lang='lat' dir='ltr'>dignum</span> <span class='ocrx_word' id='word_1_221' title='bbox 703 2781 850 2860; x_wconf 86' lang='lat' dir='ltr'>apparet,</span> <span class='ocrx_word' id='word_1_222' title='bbox 874 2782 960 2859; x_wconf 92' lang='lat' dir='ltr'>quod</span> <span class='ocrx_word' id='word_1_223' title='bbox 986 2787 1242 2862; x_wconf 87' lang='lat' dir='ltr'>aegagri-nam</span> <span class='ocrx_word' id='word_1_224' title='bbox 1265 2783 1313 2842; x_wconf 87' lang='lat' dir='ltr'>ita</span> <span class='ocrx_word' id='word_1_225' title='bbox 1328 2780 1415 2844; x_wconf 79' lang='lat' dir='ltr'>reete</span> <span class='ocrx_word' id='word_1_226' title='bbox 1431 2780 1604 2846; x_wconf 81' lang='lat' dir='ltr'>Nuteenius</span> 
     </span>
     <span class='ocr_line' id='line_1_24' title="bbox 279 2878 1605 2968; baseline 0 -18"><span class='ocrx_word' id='word_1_227' title='bbox 279 2884 435 2951; x_wconf 79' lang='lat' dir='ltr'>Nicandri</span> <span class='ocrx_word' id='word_1_228' title='bbox 460 2878 530 2968; x_wconf 84' lang='grc' dir='ltr'>αἶγα</span> <span class='ocrx_word' id='word_1_229' title='bbox 552 2887 1032 2967; x_wconf 84' lang='lat' dir='ltr'>interpretatur-venationem</span> <span class='ocrx_word' id='word_1_230' title='bbox 1057 2893 1088 2948; x_wconf 88' lang='lat' dir='ltr'>in</span> <span class='ocrx_word' id='word_1_231' title='bbox 1114 2888 1349 2968; x_wconf 85' lang='lat' dir='ltr'>campestribus</span> <span class='ocrx_word' id='word_1_232' title='bbox 1373 2887 1450 2950; x_wconf 87' lang='lat' dir='ltr'>loeis</span> <span class='ocrx_word' id='word_1_233' title='bbox 1469 2885 1540 2952; x_wconf 88' lang='lat' dir='ltr'>fieri</span> <span class='ocrx_word' id='word_1_234' title='bbox 1556 2889 1605 2950; x_wconf 88' lang='lat' dir='ltr'>di-</span> 
     </span>
     <span class='ocr_line' id='line_1_25' title="bbox 277 2988 1524 3076; baseline 0 -18"><span class='ocrx_word' id='word_1_235' title='bbox 277 2995 333 3072; x_wconf 88' lang='lat' dir='ltr'>eit,</span> <span class='ocrx_word' id='word_1_236' title='bbox 361 2996 415 3056; x_wconf 86' lang='lat' dir='ltr'>ubi</span> <span class='ocrx_word' id='word_1_237' title='bbox 438 2997 583 3059; x_wconf 88' lang='lat' dir='ltr'>dammae</span> <span class='ocrx_word' id='word_1_238' title='bbox 607 2992 657 3058; x_wconf 86' lang='lat' dir='ltr'>vei</span> <span class='ocrx_word' id='word_1_239' title='bbox 680 2988 768 3056; x_wconf 81' lang='lat' dir='ltr'>cerri</span> <span class='ocrx_word' id='word_1_240' title='bbox 791 2994 841 3057; x_wconf 84' lang='lat' dir='ltr'>vei</span> <span class='ocrx_word' id='word_1_241' title='bbox 866 2995 1018 3056; x_wconf 83' lang='lat' dir='ltr'>dorcades</span> <span class='ocrx_word' id='word_1_242' title='bbox 1042 2988 1262 3073; x_wconf 85' lang='lat' dir='ltr'>inveniuntur,</span> <span class='ocrx_word' id='word_1_243' title='bbox 1289 3011 1349 3056; x_wconf 93' lang='lat' dir='ltr'>non</span> <span class='ocrx_word' id='word_1_244' title='bbox 1373 2999 1524 3076; x_wconf 84' lang='lat' dir='ltr'>aegagri.</span> 
     </span>
    </p>

    <p class='ocr_par' dir='ltr' id='par_1_8' title="bbox 272 3096 1604 3397">
     <span class='ocr_line' id='line_1_26' title="bbox 344 3096 1604 3184; baseline -0.002 -20"><span class='ocrx_word' id='word_1_245' title='bbox 344 3101 447 3181; x_wconf 82' lang='lat' dir='ltr'>Quam</span> <span class='ocrx_word' id='word_1_246' title='bbox 470 3107 614 3180; x_wconf 81' lang='lat' dir='ltr'>proxime</span> <span class='ocrx_word' id='word_1_247' title='bbox 639 3107 742 3182; x_wconf 88' lang='lat' dir='ltr'>igitur</span> <span class='ocrx_word' id='word_1_248' title='bbox 782 3098 853 3164; x_wconf 89' lang='lat' dir='ltr'>fieri</span> <span class='ocrx_word' id='word_1_249' title='bbox 876 3101 981 3184; x_wconf 86' lang='lat' dir='ltr'>potest</span> <span class='ocrx_word' id='word_1_250' title='bbox 1019 3101 1062 3164; x_wconf 90' lang='lat' dir='ltr'>ad</span> <span class='ocrx_word' id='word_1_251' title='bbox 1085 3096 1253 3164; x_wconf 84' lang='lat' dir='ltr'>veritatem</span> <span class='ocrx_word' id='word_1_252' title='bbox 1279 3103 1430 3166; x_wconf 80' lang='lat' dir='ltr'>secedere</span> <span class='ocrx_word' id='word_1_253' title='bbox 1454 3097 1534 3164; x_wconf 92' lang='lat' dir='ltr'>mihi</span> <span class='ocrx_word' id='word_1_254' title='bbox 1559 3097 1604 3162; x_wconf 84' lang='lat' dir='ltr'>ri-</span> 
     </span>
     <span class='ocr_line' id='line_1_27' title="bbox 272 3203 1597 3290; baseline -0.002 -18"><span class='ocrx_word' id='word_1_255' title='bbox 272 3211 379 3286; x_wconf 81' lang='lat' dir='ltr'>detur,</span> <span class='ocrx_word' id='word_1_256' title='bbox 404 3217 430 3270; x_wconf 89' lang='lat' dir='ltr'>si</span> <span class='ocrx_word' id='word_1_257' title='bbox 455 3203 527 3287; x_wconf 87' lang='lat' dir='ltr'>quis</span> <span class='ocrx_word' id='word_1_258' title='bbox 551 3215 649 3290; x_wconf 90' lang='lat' dir='ltr'>neget</span> <span class='ocrx_word' id='word_1_259' title='bbox 673 3224 812 3286; x_wconf 90' lang='lat' dir='ltr'>unquam</span> <span class='ocrx_word' id='word_1_260' title='bbox 838 3215 869 3270; x_wconf 89' lang='lat' dir='ltr'>in</span> <span class='ocrx_word' id='word_1_261' title='bbox 894 3207 1022 3270; x_wconf 88' lang='lat' dir='ltr'>Troade</span> <span class='ocrx_word' id='word_1_262' title='bbox 1047 3223 1244 3286; x_wconf 88' lang='lat' dir='ltr'>aquoquam</span> <span class='ocrx_word' id='word_1_263' title='bbox 1261 3224 1442 3290; x_wconf 87' lang='lat' dir='ltr'>aegagrum</span> <span class='ocrx_word' id='word_1_264' title='bbox 1459 3203 1597 3271; x_wconf 80' lang='lat' dir='ltr'>interfici</span> 
     </span>
     <span class='ocr_line' id='line_1_28' title="bbox 272 3318 427 3397; baseline -0.013 -18"><span class='ocrx_word' id='word_1_265' title='bbox 272 3318 427 3397; x_wconf 84' lang='lat' dir='ltr'>potuisse.</span> 
     </span>
    </p>

    <p class='ocr_par' dir='ltr' id='par_1_9' title="bbox 271 3415 1600 4030">
     <span class='ocr_line' id='line_1_29' title="bbox 340 3415 1600 3502; baseline -0.002 -18"><span class='ocrx_word' id='word_1_266' title='bbox 340 3421 491 3486; x_wconf 80' lang='lat' dir='ltr'>Fortasse</span> <span class='ocrx_word' id='word_1_267' title='bbox 515 3421 635 3484; x_wconf 84' lang='lat' dir='ltr'>dixerit</span> <span class='ocrx_word' id='word_1_268' title='bbox 659 3427 830 3502; x_wconf 87' lang='lat' dir='ltr'>quispiam,</span> <span class='ocrx_word' id='word_1_269' title='bbox 858 3417 1090 3499; x_wconf 84' lang='lat' dir='ltr'>antiquissimis</span> <span class='ocrx_word' id='word_1_270' title='bbox 1113 3415 1182 3483; x_wconf 89' lang='lat' dir='ltr'>illis</span> <span class='ocrx_word' id='word_1_271' title='bbox 1206 3416 1406 3501; x_wconf 82' lang='lat' dir='ltr'>temporibus</span> <span class='ocrx_word' id='word_1_272' title='bbox 1445 3439 1515 3497; x_wconf 84' lang='lat' dir='ltr'>oum</span> <span class='ocrx_word' id='word_1_273' title='bbox 1539 3421 1600 3484; x_wconf 87' lang='lat' dir='ltr'>hae</span> 
     </span>
     <span class='ocr_line' id='line_1_30' title="bbox 272 3521 1597 3610; baseline -0.001 -20"><span class='ocrx_word' id='word_1_274' title='bbox 272 3525 362 3590; x_wconf 84' lang='lat' dir='ltr'>ferae</span> <span class='ocrx_word' id='word_1_275' title='bbox 386 3533 493 3590; x_wconf 91' lang='lat' dir='ltr'>minus</span> <span class='ocrx_word' id='word_1_276' title='bbox 517 3527 706 3610; x_wconf 82' lang='lat' dir='ltr'>peterentur</span> <span class='ocrx_word' id='word_1_277' title='bbox 741 3527 987 3590; x_wconf 79' lang='lat' dir='ltr'>abdominibus</span> <span class='ocrx_word' id='word_1_278' title='bbox 1022 3522 1191 3606; x_wconf 89' lang='lat' dir='ltr'>minusque</span> <span class='ocrx_word' id='word_1_279' title='bbox 1224 3521 1338 3610; x_wconf 73' lang='lat' dir='ltr'>iioulti</span> <span class='ocrx_word' id='word_1_280' title='bbox 1373 3531 1447 3609; x_wconf 89' lang='lat' dir='ltr'>agri</span> <span class='ocrx_word' id='word_1_281' title='bbox 1480 3534 1597 3604; x_wconf 85' lang='lat' dir='ltr'>esseut,</span> 
     </span>
     <span class='ocr_line' id='line_1_31' title="bbox 272 3629 1600 3714; baseline -0.002 -17"><span class='ocrx_word' id='word_1_282' title='bbox 272 3635 413 3698; x_wconf 86' lang='lat' dir='ltr'>homines</span> <span class='ocrx_word' id='word_1_283' title='bbox 436 3640 483 3697; x_wconf 89' lang='lat' dir='ltr'>eis</span> <span class='ocrx_word' id='word_1_284' title='bbox 507 3641 613 3696; x_wconf 87' lang='lat' dir='ltr'>minus</span> <span class='ocrx_word' id='word_1_285' title='bbox 651 3629 751 3697; x_wconf 88' lang='lat' dir='ltr'>foisse</span> <span class='ocrx_word' id='word_1_286' title='bbox 773 3632 966 3713; x_wconf 89' lang='lat' dir='ltr'>periculosos</span> <span class='ocrx_word' id='word_1_287' title='bbox 1004 3629 1200 3714; x_wconf 90' lang='lat' dir='ltr'>propiusque</span> <span class='ocrx_word' id='word_1_288' title='bbox 1225 3651 1279 3697; x_wconf 89' lang='lat' dir='ltr'>eas</span> <span class='ocrx_word' id='word_1_289' title='bbox 1302 3633 1341 3697; x_wconf 89' lang='lat' dir='ltr'>ad</span> <span class='ocrx_word' id='word_1_290' title='bbox 1364 3650 1476 3696; x_wconf 90' lang='lat' dir='ltr'>eorum</span> <span class='ocrx_word' id='word_1_291' title='bbox 1499 3634 1600 3696; x_wconf 86' lang='lat' dir='ltr'>domi-</span> 
     </span>
     <span class='ocr_line' id='line_1_32' title="bbox 273 3737 1599 3818; baseline -0.004 -11"><span class='ocrx_word' id='word_1_292' title='bbox 273 3742 351 3807; x_wconf 88' lang='lat' dir='ltr'>eiiia</span> <span class='ocrx_word' id='word_1_293' title='bbox 375 3737 510 3806; x_wconf 85' lang='lat' dir='ltr'>venisse.</span> <span class='ocrx_word' id='word_1_294' title='bbox 539 3742 581 3804; x_wconf 82' lang='lat' dir='ltr'>nt</span> <span class='ocrx_word' id='word_1_295' title='bbox 604 3743 736 3807; x_wconf 88' lang='lat' dir='ltr'>Homeri</span> <span class='ocrx_word' id='word_1_296' title='bbox 774 3748 881 3804; x_wconf 89' lang='lat' dir='ltr'>aetate</span> <span class='ocrx_word' id='word_1_297' title='bbox 905 3743 968 3804; x_wconf 91' lang='lat' dir='ltr'>iam</span> <span class='ocrx_word' id='word_1_298' title='bbox 993 3742 1034 3804; x_wconf 93' lang='lat' dir='ltr'>ad</span> <span class='ocrx_word' id='word_1_299' title='bbox 1059 3743 1092 3804; x_wconf 88' lang='lat' dir='ltr'>id</span> <span class='ocrx_word' id='word_1_300' title='bbox 1127 3742 1260 3804; x_wconf 76' lang='lat' dir='ltr'>redacta</span> <span class='ocrx_word' id='word_1_301' title='bbox 1283 3741 1439 3818; x_wconf 81' lang='lat' dir='ltr'>amires,</span> <span class='ocrx_word' id='word_1_302' title='bbox 1466 3747 1501 3803; x_wconf 92' lang='lat' dir='ltr'>ut</span> <span class='ocrx_word' id='word_1_303' title='bbox 1524 3757 1599 3803; x_wconf 60' lang='lat' dir='ltr'>nus⁴</span> 
     </span>
     <span class='ocr_line' id='line_1_33' title="bbox 271 3843 1600 3927; baseline 0 -17"><span class='ocrx_word' id='word_1_304' title='bbox 271 3865 369 3927; x_wconf 90' lang='lat' dir='ltr'>quam</span> <span class='ocrx_word' id='word_1_305' title='bbox 407 3843 468 3910; x_wconf 88' lang='lat' dir='ltr'>nisi</span> <span class='ocrx_word' id='word_1_306' title='bbox 493 3848 655 3911; x_wconf 86' lang='lat' dir='ltr'>ininsula</span> <span class='ocrx_word' id='word_1_307' title='bbox 693 3845 906 3911; x_wconf 87' lang='lat' dir='ltr'>remotissima</span> <span class='ocrx_word' id='word_1_308' title='bbox 941 3854 974 3911; x_wconf 85' lang='lat' dir='ltr'>et</span> <span class='ocrx_word' id='word_1_309' title='bbox 997 3863 1127 3927; x_wconf 89' lang='lat' dir='ltr'>prorsus</span> <span class='ocrx_word' id='word_1_310' title='bbox 1150 3848 1272 3910; x_wconf 77' lang='lat' dir='ltr'>inculta</span> <span class='ocrx_word' id='word_1_311' title='bbox 1297 3849 1436 3911; x_wconf 89' lang='lat' dir='ltr'>nondum</span> <span class='ocrx_word' id='word_1_312' title='bbox 1467 3855 1600 3912; x_wconf 82' lang='lat' dir='ltr'>renatae</span> 
     </span>
     <span class='ocr_line' id='line_1_34' title="bbox 271 3951 958 4030; baseline 0.004 -11"><span class='ocrx_word' id='word_1_313' title='bbox 271 3963 387 4030; x_wconf 86' lang='lat' dir='ltr'>essent,</span> <span class='ocrx_word' id='word_1_314' title='bbox 411 3961 493 4017; x_wconf 83' lang='lat' dir='ltr'>sioni</span> <span class='ocrx_word' id='word_1_315' title='bbox 512 3959 559 4018; x_wconf 86' lang='lat' dir='ltr'>est</span> <span class='ocrx_word' id='word_1_316' title='bbox 582 3951 641 4018; x_wconf 92' lang='lat' dir='ltr'>Od.</span> <span class='ocrx_word' id='word_1_317' title='bbox 668 3952 761 4020; x_wconf 86' lang='lat' dir='ltr'>vnn</span> <span class='ocrx_word' id='word_1_318' title='bbox 785 3972 813 4015; x_wconf 84' lang='lat' dir='ltr'>v.</span> <span class='ocrx_word' id='word_1_319' title='bbox 842 3958 904 4020; x_wconf 82' lang='lat'>117</span> <span class='ocrx_word' id='word_1_320' title='bbox 953 4009 958 4022; x_wconf 72' lang='grc'><strong>,</strong></span> 
     </span>
    </p>
   </div>
   <div class='ocr_carea' id='block_1_7' title="bbox 486 4104 1427 4522">
    <p class='ocr_par' dir='ltr' id='par_1_10' title="bbox 486 4104 1427 4303">
     <span class='ocr_line' id='line_1_35' title="bbox 487 4104 1427 4196; baseline -0.001 -22"><span class='ocrx_word' id='word_1_321' title='bbox 487 4115 604 4195; x_wconf 80' lang='grc' dir='ltr'>(νῆσος)</span> <span class='ocrx_word' id='word_1_322' title='bbox 630 4107 766 4196; x_wconf 82' lang='grc' dir='ltr'>ί)λίγεσσ’·</span> <span class='ocrx_word' id='word_1_323' title='bbox 794 4111 825 4175; x_wconf 88' lang='grc' dir='ltr'>ἐν</span> <span class='ocrx_word' id='word_1_324' title='bbox 848 4113 874 4174; x_wconf 75' lang='grc' dir='ltr'>δ’</span> <span class='ocrx_word' id='word_1_325' title='bbox 899 4104 983 4195; x_wconf 82' lang='grc' dir='ltr'>αἶγες</span> <span class='ocrx_word' id='word_1_326' title='bbox 1007 4109 1174 4196; x_wconf 80' lang='grc' dir='ltr'>ἀπειρέσιαι</span> <span class='ocrx_word' id='word_1_327' title='bbox 1197 4110 1338 4194; x_wconf 85' lang='grc' dir='ltr'>γεγάασιν</span> <span class='ocrx_word' id='word_1_328' title='bbox 1424 4185 1427 4188; x_wconf 22' lang='lat'>¹</span> 
     </span>
     <span class='ocr_line' id='line_1_36' title="bbox 486 4215 1294 4303; baseline -0.001 -23"><span class='ocrx_word' id='word_1_329' title='bbox 486 4218 592 4302; x_wconf 84' lang='grc' dir='ltr'>ἄγριοι·</span> <span class='ocrx_word' id='word_1_330' title='bbox 619 4217 653 4280; x_wconf 78' lang='grc' dir='ltr'>οἱ)</span> <span class='ocrx_word' id='word_1_331' title='bbox 679 4218 733 4302; x_wconf 83' lang='grc' dir='ltr'>μὲν</span> <span class='ocrx_word' id='word_1_332' title='bbox 757 4218 812 4303; x_wconf 85' lang='grc' dir='ltr'>γὰρ</span> <span class='ocrx_word' id='word_1_333' title='bbox 836 4215 929 4290; x_wconf 81' lang='grc' dir='ltr'>πάτος</span> <span class='ocrx_word' id='word_1_334' title='bbox 952 4216 1115 4302; x_wconf 78' lang='grc' dir='ltr'>ἀνθρώπων</span> <span class='ocrx_word' id='word_1_335' title='bbox 1141 4215 1294 4301; x_wconf 77' lang='grc' dir='ltr'>ἀπερύκει,</span> 
     </span>
    </p>

    <p class='ocr_par' dir='ltr' id='par_1_11' title="bbox 487 4323 1328 4522">
     <span class='ocr_line' id='line_1_37' title="bbox 487 4323 1328 4412; baseline -0.004 -22"><span class='ocrx_word' id='word_1_336' title='bbox 487 4326 556 4390; x_wconf 74' lang='grc' dir='ltr'>οὐδὲ</span> <span class='ocrx_word' id='word_1_337' title='bbox 580 4349 628 4410; x_wconf 90' lang='grc' dir='ltr'>μιν</span> <span class='ocrx_word' id='word_1_338' title='bbox 653 4323 834 4412; x_wconf 74' lang='grc' dir='ltr'>εἰσοιχνεῦσι</span> <span class='ocrx_word' id='word_1_339' title='bbox 857 4324 1026 4410; x_wconf 84' lang='grc' dir='ltr'>κυνηγέται,</span> <span class='ocrx_word' id='word_1_340' title='bbox 1052 4325 1081 4389; x_wconf 84' lang='grc' dir='ltr'>οἵ</span> <span class='ocrx_word' id='word_1_341' title='bbox 1104 4348 1136 4387; x_wconf 90' lang='grc' dir='ltr'>τε</span> <span class='ocrx_word' id='word_1_342' title='bbox 1161 4327 1229 4388; x_wconf 77' lang='grc' dir='ltr'>καθ’</span> <span class='ocrx_word' id='word_1_343' title='bbox 1253 4325 1328 4407; x_wconf 72' lang='grc' dir='ltr'>ὓλην</span> 
     </span>
     <span class='ocr_line' id='line_1_38' title="bbox 487 4429 1228 4522; baseline 0 -24"><span class='ocrx_word' id='word_1_344' title='bbox 487 4435 578 4516; x_wconf 85' lang='grc' dir='ltr'>ἄλγεα</span> <span class='ocrx_word' id='word_1_345' title='bbox 601 4431 763 4520; x_wconf 85' lang='grc' dir='ltr'>πάσχουσιν</span> <span class='ocrx_word' id='word_1_346' title='bbox 789 4431 917 4518; x_wconf 81' lang='grc' dir='ltr'>κορυφάς</span> <span class='ocrx_word' id='word_1_347' title='bbox 941 4429 1032 4512; x_wconf 81' lang='grc' dir='ltr'>ὀρέων</span> <span class='ocrx_word' id='word_1_348' title='bbox 1055 4431 1228 4522; x_wconf 79' lang='grc' dir='ltr'>ἐφέποντες.</span> 
     </span>
    </p>
   </div>
   <div class='ocr_carea' id='block_1_8' title="bbox 339 4593 1601 4678">
    <p class='ocr_par' dir='ltr' id='par_1_12' title="bbox 339 4593 1601 4678">
     <span class='ocr_line' id='line_1_39' title="bbox 339 4593 1601 4678; baseline -0.002 -18"><span class='ocrx_word' id='word_1_349' title='bbox 339 4597 376 4660; x_wconf 85' lang='grc' dir='ltr'>Ιιι</span> <span class='ocrx_word' id='word_1_350' title='bbox 401 4594 503 4676; x_wconf 89' lang='lat' dir='ltr'>ipsam</span> <span class='ocrx_word' id='word_1_351' title='bbox 526 4601 630 4678; x_wconf 86' lang='lat' dir='ltr'>igitur</span> <span class='ocrx_word' id='word_1_352' title='bbox 655 4595 781 4678; x_wconf 75' lang='lat' dir='ltr'>Lysiam</span> <span class='ocrx_word' id='word_1_353' title='bbox 806 4605 841 4657; x_wconf 83' lang='lat' dir='ltr'>ut</span> <span class='ocrx_word' id='word_1_354' title='bbox 865 4593 1131 4675; x_wconf 75' lang='lat' dir='ltr'>proficisceretur.</span> <span class='ocrx_word' id='word_1_355' title='bbox 1156 4597 1313 4660; x_wconf 83' lang='lat' dir='ltr'>ooniendo</span> <span class='ocrx_word' id='word_1_356' title='bbox 1341 4597 1528 4660; x_wconf 88' lang='lat' dir='ltr'>Pandarum</span> <span class='ocrx_word' id='word_1_357' title='bbox 1549 4611 1601 4658; x_wconf 86' lang='lat' dir='ltr'>re·</span> 
     </span>
    </p>
   </div>
   <div class='ocr_carea' id='block_1_9' title="bbox 0 0 1796 5328">
    <p class='ocr_par' dir='ltr' id='par_1_13' title="bbox 0 0 1796 5328">
     <span class='ocr_line' id='line_1_40' title="bbox 0 0 1796 5328; baseline 0 2"><span class='ocrx_word' id='word_1_358' title='bbox 0 0 1796 5328; x_wconf 95' lang='lat' dir='ltr'> </span> 
     </span>
    </p>
   </div>
  </div>
 </body>
</html>
