3584 5328
769 370 976 438 *27-

208 572 429 645 maioremque
453 573 483 628 ln
511 572 580 646 ipsa
605 561 733 646 origine
771 563 1000 643 perfectionem
1038 565 1127 643 lyrae
1160 559 1261 645 fingit
1284 562 1469 641 Lucienus
1486 565 1540 640 qui

207 675 347 738 Deorum
372 674 451 740 dial.
477 671 553 752 Vll,
592 690 618 738 c.
643 679 663 738 4
687 671 881 748 MercurlliS‚
922 674 1039 750 lnquit,
1067 663 1211 754 Ιχελώνην
1235 689 1292 731 που
1318 663 1420 751 νεκρὰν
1446 665 1542 748 εὑρὼν

206 781 327 864 ὄρχανον
353 779 403 842 ἀπ’
428 776 520 862 αὐτῆς
555 775 751 863 συνεπήξατο·
778 773 887 860 πήχεις
925 773 980 858 γὰρ
1018 773 1179 861 ἐναρμόσας
1203 776 1252 838 καὶ
1277 773 1410 859 ζυγώσας
1435 773 1540 836 ἔπειτα

206 885 372 971 κολλάβους
395 882 530 971 ἐμπήξας
554 885 604 947 ναὶ
629 881 747 968 μαχοίδα
771 881 893 954 iusticie
917 882 968 945 uui
991 882 1196 968 ἐντεινάμενος
1232 879 1307 958 ἑπτᾲ
1335 879 1444 966 χορδὰς
1469 878 1539 961 ἐμε-

206 991 294 1076 λῴδει
316 992 393 1056 πάνυ
417 989 580 1076 γλαφυρὸν.
605 993 705 1059 Cuius
729 1011 766 1056 ex
791 989 915 1075 ingenii
939 995 1090 1058 ubertate
1106 985 1185 1074 quid
1203 989 1363 1074 proficisci
1387 999 1540 1074 potuerit.

206 1104 298 1168 docet
322 1104 379 1168 ille
404 1103 620 1184 Polyphemus
645 1100 727 1165 Mar.
752 1099 839 1168 Dial.
866 1101 895 1181 1,
923 1120 948 1166 c.
975 1107 1007 1181 4,
1036 1117 1130 1181 quem
1153 1099 1255 1184 lyram
1281 1117 1298 1162 e
1322 1105 1408 1164 cervi
1433 1105 1540 1178 capite

205 1208 416 1275 fabricantem
441 1207 651 1289 eiusdemque
677 1212 825 1274 cornibus
864 1217 1028 1289 tamquam
1062 1204 1195 1292 πήχεσιν
1229 1215 1371 1270 utentem
1402 1201 1541 1284 inductu

204 1316 368 1383 fuerintne
392 1319 477 1383 cerri
501 1315 535 1380 in
559 1319 617 1381 illa
650 1320 768 1394 insula,
799 1313 928 1380 minime
953 1334 1073 1402 curans
1096 1314 1130 1380 id
1154 1333 1251 1379 unuin
1275 1317 1355 1396 agit,
1379 1314 1416 1376 ut
1439 1319 1537 1376 risum

205 1434 338 1494 moreat.
363 1429 481 1506 Itaque
504 1431 587 1490 sicut
612 1427 651 1488 de
675 1432 798 1504 septem
837 1424 964 1488 chordis
999 1423 1088 1487 nulla
1110 1421 1193 1487 fides
1209 1409 1265 1486 'est
1287 1421 1441 1500 Lucieno,
1466 1438 1538 1486 cum

205 1529 433 1598 verisimilius
466 1539 508 1596 sit
531 1539 623 1598 initio
659 1539 801 1612 quatuor
835 1530 935 1595 fuisse
974 1548 1208 1611 numerumque
1245 1539 1357 1611 postea
1395 1539 1536 1612 anctum,

205 1639 343 1704 fortasse
367 1640 409 1702 ab
435 1639 621 1718 Amphione,
647 1645 683 1701 ut
707 1648 756 1702 est
777 1640 868 1718 apud
893 1634 1092 1702 Pausaniam
1108 1639 1129 1700 i.
1147 1635 1250 1713 VIIII,
1276 1655 1304 1703 c.
1332 1645 1360 1712 5.
1387 1636 1405 1717 ξ
1436 1640 1466 1710 i,
1490 1643 1537 1700 lta

206 1727 336 1811 dubium
361 1764 430 1812 esse
465 1763 528 1808 non
564 1746 679 1825 potest,
706 1752 782 1824 quin
818 1763 928 1809 rerum
953 1751 1005 1822 sit,
1033 1747 1157 1808 nullum
1181 1762 1251 1808 esse
1270 1740 1423 1824 inprime
1447 1746 1537 1824 lyrae

204 1861 386 1920 inventione
410 1850 562 1918 cornibus
586 1850 727 1935 aegagri
758 1854 874 1931 locum,
900 1870 1067 1934 nunquam
1101 1859 1294 1916 mentionem
1319 1867 1429 1914 eorum
1453 1847 1536 1930 fieri;

203 1971 357 2042 recteque
382 1960 598 2042 Apollodorus
622 1961 837 2027 bibliothecae
875 1961 898 2026 l.
938 1963 995 2040 ΙΙΙ,
1021 1980 1046 2026 c.
1084 1968 1133 2038 ic,
1160 1960 1177 2042 ξ
1202 1962 1221 2020 2
1247 1953 1378 2040 εὑρίσκει
1401 1953 1458 2038 πρὸ
1483 1963 1537 2017 τοῦ

203 2067 307 2152 ἄντρου
330 2066 498 2150 νεμομένην
522 2063 797 2152 quinimo—erant
821 2076 928 2132 autem
952 2075 984 2132 ln
1009 2064 1153 2132 Arcadia
1169 2067 1300 2150 χελῶναι
1324 2061 1458 2146 μέγισται
1482 2061 1535 2143 με’-

202 2175 304 2259 pecus,
332 2176 414 2241 sicut
437 2178 485 2241 est
509 2177 596 2257 apud
623 2173 815 2240 Pausaniam
840 2179 863 2243 i.
890 2175 977 2252 Viii,
995 2193 1022 2239 c.
1040 2185 1093 2250 54.
1120 2176 1137 2257 ξ
1162 2171 1340 2254 Ί-ταυτην
1365 2170 1536 2255 ἐκκαθάρας

202 2279 244 2356 εἰς
267 2281 301 2344 τὸ
324 2282 412 2352 κύτος
434 2282 554 2367 χορδὰς
568 2279 701 2352 ἐντείνας
726 2279 756 2350 ἐξ
781 2277 820 2342 ὧν
845 2281 935 2344 ἔθυσε
959 2283 1035 2366 βοῶν
1059 2279 1111 2344 καί
1125 2279 1328 2365 ἐργασάμενος
1351 2277 1442 2363 λύραν
1466 2275 1536 2363 εὗρε

203 2389 254 2454 cui
277 2393 439 2473 πλῆκτρον.
463 2390 583 2458 Eodem
608 2393 701 2456 modo
724 2391 901 2456 Pausanias
925 2394 946 2455 l.
970 2391 1058 2467 Vlll,
1075 2409 1104 2456 ο.
1128 2399 1179 2466 ii,
1195 2389 1249 2472 §4
1269 2385 1379 2468 κέρατα
1402 2383 1534 2454 omittit.

203 2499 393 2566 OumhisC.
420 2500 459 2560 de
484 2501 552 2572 lan.
579 2495 795 2579 peritissimus
819 2498 936 2562 haruin
954 2517 1062 2562 rerum
1080 2500 1184 2576 homo,
1211 2492 1371 2560 consentit
1394 2502 1426 2558 in
1452 2512 1534 2558 corn·

202 2612 359 2669 mentorio
383 2607 423 2670 de
447 2603 568 2668 fidibus
592 2603 790 2671 Graecorum
815 2625 843 2671 a.
870 2606 1156 2674 MDOCGLXXXI
1179 2602 1267 2670 edito
1283 2623 1314 2685 p.
1330 2609 1371 2670 26
1387 2605 1461 2668 adn.
1480 2611 1533 2682 li,

202 2723 233 2778 et
256 2722 289 2777 in
316 2715 353 2776 A.
380 2709 599 2778 Baumeisteri
624 2729 719 2793 opere
743 2715 807 2777 vol.
835 2718 892 2790 iii,
919 2733 951 2794 p.
982 2721 1077 2796 1539;
1103 2721 1252 2793 quicum
1278 2719 1455 2794 posteriorc
1480 2729 1533 2774 ae-

201 2827 269 2884 tate
293 2827 431 2902 aegagrl
455 2838 578 2886 cornua
602 2817 752 2883 adhiberi
774 2817 870 2887 solita
893 2839 962 2888 esse
978 2829 1139 2904 opinatur,
1165 2838 1279 2884 vercor
1305 2826 1340 2880 ut
1364 2825 1534 2898 quisquam

201 2933 230 2992 ei
254 2934 463 3002 assentiatur,
491 2931 545 3007 qui
570 2923 702 3007 quidem
727 2927 784 2994 illa
808 2930 858 2991 vel
897 2928 967 3009 ipsa
1008 2929 1055 2992 rel
1087 2928 1214 3008 depicta
1238 2927 1354 2991 viderit
1378 2929 1476 3005 atque
1501 2931 1534 2988 et

201 3035 434 3116 longitudinem
459 3042 491 3098 et
515 3033 652 3100 formam
692 3051 802 3099 eorum
843 3053 949 3100 seeum
986 3039 1193 3116 reputaverim
1219 3036 1299 3098 adeo
1324 3039 1434 3113 inepta
1457 3032 1534 3096 sunt

200 3143 243 3203 ad
267 3141 358 3205 illum
382 3159 488 3204 usum.
514 3143 628 3220 Neque
652 3149 757 3223 magis
780 3149 857 3223 apta
882 3142 987 3206 essent
1011 3159 1131 3206 cornua
1155 3150 1360 3223 rupicaprae,
1387 3134 1532 3204 iteenim

200 3245 342 3330 αἴγαγρον
366 3257 464 3312 vertit
488 3267 518 3329 p.
544 3253 576 3314 8.
604 3249 694 3312 Talis
718 3250 792 3330 lyra
805 3266 980 3328 puerorum
1004 3246 1223 3314 seilicetesset
1247 3248 1529 3314 oblectamentum.

199 3355 264 3418 Nec
288 3358 373 3434 quod
398 3356 494 3432 sciam
520 3360 680 3438 imagines
698 3356 780 3420 ullae
800 3358 945 3439 lyrarum
962 3363 994 3419 ln
1013 3352 1225 3420 monumentis
1246 3363 1326 3419 artis
1351 3356 1401 3422 vel
1426 3351 1532 3434 pictae

199 3461 247 3526 rel
266 3460 361 3527 fictae
376 3481 594 3546 aegagrorum
611 3481 732 3530 cornua
748 3465 933 3531 ostendunt.
954 3463 1069 3544 Itaque
1086 3471 1112 3527 si
1128 3463 1317 3530 Philostrati
1334 3461 1437 3545 lyram
1463 3467 1530 3541 opi-

197 3578 306 3634 natam
332 3587 400 3634 esse
425 3578 605 3635 necessarie
629 3574 881 3635 denienstratum
907 3580 966 3650 est,
994 3591 1034 3635 ne
1058 3574 1097 3635 de
1122 3589 1201 3635 arcu
1224 3572 1356 3650 quidem
1380 3566 1478 3632 fidem
1501 3576 1530 3632 ei

197 3676 398 3756 habebimus;
425 3679 549 3741 errarit
573 3686 670 3754 enim.
696 3680 779 3744 sicut
801 3677 874 3744 fleri
898 3681 990 3756 solet,
1014 3682 1099 3759 quod
1122 3686 1303 3758 generatim
1328 3687 1360 3740 et
1383 3677 1531 3742 universe

197 3785 321 3848 locutus
345 3781 488 3847 Pandari
511 3801 619 3848 arcum
645 3789 685 3850 ed
711 3787 812 3850 totum
836 3805 938 3868 genus
962 3785 1073 3852 refert.

262 3890 373 3954 Verba
396 3891 504 3955 autem
528 3909 546 3954 e
570 3890 735 3972 Sophoclis
760 3895 943 3978 Thamyrae
960 3893 1002 3960 fr.
1022 3901 1084 3960 223
1103 3890 1212 3976 ῥηγνὺς
1236 3889 1414 3976 χρυσόδετον
1439 3887 1528 3974 κέρας

196 3993 324 4080 (λύρας),
349 4013 433 4077 quae
456 4004 580 4078 primus
607 4000 641 4066 C.
666 3996 723 4062 Ian
748 4000 859 4062 attulit
881 4018 912 4080 p.
938 4007 970 4078 8,
999 4002 1219 4064 demonstrant
1251 3997 1313 4064 iam
1343 4009 1410 4066 tum
1434 4017 1529 4080 prop-

197 4113 247 4167 ter
272 4104 524 4188 similitudinem,
541 4107 703 4183 quandam
728 4123 797 4169 cum
822 4107 971 4169 cornibus
993 4125 1011 4169 e
1034 4113 1139 4189 eapite
1167 4110 1354 4174 animalium
1379 4114 1530 4172 cornuto-

196 4229 268 4274 rum
293 4209 505 4276 eminentibus
529 4207 602 4275 illos
627 4207 737 4295 πήχεις
762 4211 942 4277 nominatos
967 4231 1035 4277 esse
1060 4210 1183 4296 κέρατα.

262 4317 374 4397 Neque
403 4334 477 4380 vero
503 4316 638 4381 Homeri
662 4321 778 4395 solum,
805 4322 861 4384 sed
885 4317 983 4384 etiam
1025 4321 1197 4404 Euripidis
1220 4321 1438 4386 Philostratus
1463 4340 1526 4386 mc·

195 4443 264 4487 mor
293 4435 376 4503 erat,
404 4441 475 4488 cum
501 4427 552 4505 τῆς
575 4420 664 4507 λύρας
687 4422 720 4486 τὸ
745 4421 875 4510 σόφισμα
899 4424 1067 4493 scriberet.
1093 4427 1266 4510 Antiopam
1283 4427 1367 4494 enirn
1390 4430 1527 4510 spectat,

194 4529 227 4594 in
253 4549 317 4612 qua
341 4532 461 4599 Zethus
485 4529 695 4616 Amphionem
720 4533 855 4597 fratrem
894 4535 1042 4598 hortatur
1067 4539 1105 4598 nt
1129 4556 1182 4602 aas
1207 4556 1259 4602 res
1283 4545 1412 4616 tractet,
1441 4513 1526 4617 quae
