3584 5328
297 1937 346 2000 W.
371 1934 409 1999 E.
433 1921 610 2001 Gladstcn'e
634 1935 666 2000 in
692 1933 815 2000 Studiis
839 1934 1026 2018 Homericis
1052 1937 1101 2002 ab·
1116 1940 1155 2004 Α.
1180 1935 1355 2002 Schuetero
1379 1942 1411 1999 in
1432 1936 1557 2000 brevio-

225 2061 294 2106 rem
318 2041 450 2108 formam
477 2037 647 2109 contractis
671 2060 702 2123 p.
728 2049 769 2110 64
794 2044 895 2124 negat
918 2042 1093 2107 Homerum
1118 2050 1308 2108 mentionem
1333 2041 1439 2108 facere
1463 2059 1560 2107 rena-

222 2147 349 2212 tionum
372 2151 459 2230 apud
484 2145 651 2229 Troianos
676 2166 874 2228 quamquam
898 2145 987 2214 circa
1010 2145 1098 2214 Idam
1124 2154 1262 2216 montem
1277 2127 1440 2230 habitent,'
1455 2165 1558 2229 neque

227 2249 353 2319 Dianae
378 2260 413 2318 ut
437 2259 607 2319 venatricis
641 2255 730 2333 apud
753 2245 806 2317 eos
831 2255 919 2322 deae.
957 2258 1098 2322 dosunt
1122 2253 1253 2320 Troiani
1278 2260 1454 2334 venatores
1482 2253 1558 2320 Sca·

229 2357 406 2439 mardrino,
432 2356 575 2441 Strophii
598 2357 698 2438 filiun,
723 2360 756 2424 et
779 2355 961 2428 Pandarus.
988 2362 1082 2427 Illum
1107 2361 1266 2428 Homerus
1290 2363 1328 2426 11.
1357 2365 1379 2431 l.
1407 2363 1432 2424 V
1457 2379 1487 2429 ν.
1515 2366 1556 2428 49

225 2467 334 2550 αἵμονα
357 2461 456 2550 θήρης
479 2463 559 2530 dicit
583 2470 615 2531 ct

442 2638 551 2704 ἐσθλὸν
578 2639 749 2726 θηρητῆρα·
774 2639 873 2710 δίδαξε
896 2641 953 2726 γὰρ
977 2643 1120 2726 Ἄρτεμις
1143 2639 1219 2724 αὔτη

443 2746 562 2833 βάλλειν
586 2748 672 2832 ἄγρια
695 2745 803 2828 πάνια,
829 2747 865 2813 τά
888 2771 921 2812 τε
946 2747 1048 2834 τρέφει
1072 2751 1186 2833 οὔρεσιν
1211 2749 1297 2834 ὕλη

441 2851 508 2917 ἀλλ’
533 2854 567 2916 οὔ
592 2852 619 2916 οἱ
643 2851 709 2918 τότε
732 2877 767 2938 γε
790 2857 914 2940 χραῖσμ’
938 2856 1085 2940 Ἄρτεμις
1108 2853 1245 2942 ἰοχέαιρα

442 2958 511 3023 οὐδὲ
537 2959 704 3046 ἑκηβολίαι,
728 2956 797 3043 ᾗσιν
821 2959 854 3024 τὸ
879 2960 945 3047 πρίν
968 2964 997 3047 γ’
1023 2960 1179 3031 ἐκέκαστο,

296 3137 467 3202 Pandarus
491 3146 611 3219 autem,
657 3140 811 3226 Lycaonis
835 3139 935 3222 filius,
961 3149 1030 3222 ipse
1064 3159 1188 3222 quoque
1229 3138 1317 3212 τόξων
1343 3139 1376 3204 ἐὺ
1400 3140 1494 3226 εἰδώς,
1521 3153 1557 3208 ut
1597 3157 1623 3236 J

223 3244 276 3309 est
298 3247 320 3308 l.
346 3247 374 3312 V
399 3262 430 3310 ν.
458 3250 535 3325 245,
561 3263 755 3326 quamquam
780 3267 800 3312 a
823 3256 915 3329 patre
938 3251 1130 3331 admonitor,
1156 3253 1192 3314 ut
1207 3267 1278 3314 cum
1302 3269 1400 3315 curru
1423 3253 1464 3315 ad
1491 3253 1556 3316 be]-

228 3355 293 3416 lum
318 3349 591 3433 proficisceretur,
620 3351 756 3444 veritus,
783 3373 822 3419 ne
846 3353 877 3418 in
902 3363 993 3420 tanta
1017 3357 1207 3421 bellatorum
1226 3355 1435 3422 multitudine
1458 3371 1576 3439 equos

226 3477 301 3524 suos
325 3460 480 3539 pabulum
506 3458 672 3540 deficeret,
696 3462 763 3528 solo
787 3481 866 3526 arcu
884 3470 1033 3540 ¹armatus
1062 3463 1194 3532 Troiam
1218 3483 1251 3530 se
1271 3467 1467 3534 contulerat.
1495 3468 1555 3532 Re-

225 3568 353 3648 gnabat
376 3574 485 3629 autem
512 3566 638 3646 Zeleae;
663 3573 753 3632 iussu
778 3565 861 3632 enim
877 3569 1052 3651 Minervae,
1066 3577 1102 3632 ut
1118 3576 1166 3634 est
1182 3573 1203 3635 l.
1220 3574 1280 3638 iiii
1294 3589 1322 3638 ν.
1343 3576 1403 3638 103
1414 3655 1416 3660 ¹
1427 3579 1459 3636 et
1477 3578 1553 3652 121,

228 3693 264 3738 re
288 3675 370 3738 bene
395 3673 490 3755 gesta
514 3680 679 3753 occisoque
715 3674 879 3742 Menelao.
897 3695 931 3742 se
968 3677 1176 3742 hecatomben
1199 3696 1269 3742 esse
1293 3675 1555 3744 sacrificaturum

229 3788 321 3845 voret
343 3798 507 3844 reversum
532 3777 610 3864 ἱερὸν
635 3775 676 3850 εἰς
698 3779 769 3868 ἄστυ
793 3781 936 3866 Ζελείης,
963 3787 1048 3865 quod
1072 3786 1224 3870 oppidum
1248 3786 1290 3849 ad
1306 3784 1468 3866 Aesepum
1492 3784 1556 3850 ssu-

229 3892 314 3948 vium
338 3893 411 3950 erat
435 3889 546 3965 situm;
589 3904 659 3951 cum
700 3883 847 3952 Minerva
886 3905 959 3952 eum
1002 3884 1171 3970 reperiret,
1210 3891 1373 3970 stipabant
1408 3909 1491 3970 eum,
1519 3901 1555 3955 ut

227 3993 275 4056 esi
301 4011 331 4059 ν.
359 3997 411 4069 90,

653 4155 794 4239 κρατεραὶ
817 4155 917 4242 στίχες
941 4153 1106 4221 ἀσπιστάων

442 4262 531 4341 λαῶν,
556 4260 585 4324 οἵ
609 4261 637 4324 οἱ
660 4261 766 4324 ἕποντο
791 4260 842 4325 ἀπ’
867 4260 1017 4347 Αἰσήποιο
1043 4261 1149 4348 ροάιον.

295 4439 402 4519 Atque
427 4448 582 4506 consentit
606 4460 678 4507 cum
701 4443 750 4506 his
788 4443 900 4508 auctor
943 4445 1083 4526 catalogi
1108 4443 1233 4508 narium
1260 4463 1286 4512 ν.
1312 4451 1375 4514 826
1400 4465 1470 4528 sqq.
1496 4451 1555 4515 Mi·

226 4565 289 4610 nus
312 4553 431 4612 antem
447 4551 577 4612 ridetur
601 4549 783 4615 consentire
808 4547 874 4632 ipse
897 4549 1081 4631 Pandarus
1109 4569 1179 4616 cum
1203 4549 1389 4620 Diomedem
1403 4555 1459 4618 iilo
1483 4557 1556 4619 vul·

227 4671 304 4718 nere
328 4652 505 4720 coniectum
529 4659 570 4719 iri
593 4657 757 4738 gloriatur
782 4658 805 4724 l.
833 4655 861 4719 V
885 4676 916 4722 v.
946 4661 1018 4735 104,

1418 4785 1450 4838 1*
