3584 5328
838 398 1044 466 ...22-..

274 593 331 654 λων
356 591 474 655 ἔκτασιν
499 591 530 654 ἐν
554 599 595 673 τῷ
619 589 804 676 πορεύεσθαι
826 589 928 654 στενύν
962 589 1033 670 ἐστι,
1058 595 1239 676 repetitque
1268 593 1394 657 Plinius
1416 590 1491 657 Nat.
1518 587 1607 654 Hlst.

261 705 297 766 Ι1.
323 703 382 781 XI,
409 721 434 767 c.
462 706 513 781 37,
537 701 555 785 β
579 710 657 784 207,
684 699 786 766 eidem
812 703 894 768 hanc
932 709 1074 782 corporis
1115 709 1239 780 purtem
1265 706 1299 762 ut
1321 700 1386 764 telo
1414 706 1536 782 potant,
1561 704 1609 762 eis

275 813 402 873 tautum
426 810 576 888 suadent,
600 805 657 889 qui
681 809 768 873 cerlo
792 809 858 874 ictu
882 826 1009 889 semper
1039 806 1201 872 destinata
1227 825 1260 869 se
1280 803 1380 870 lerire
1404 805 1463 869 sihi
1488 811 1609 870 conscii

273 912 338 978 sint
360 931 464 994 neque
488 915 582 979 nimis
606 917 702 996 longe
727 933 746 978 a
769 913 840 979 fera
864 915 996 979 distent.

340 1021 436 1100 Apud
460 1019 664 1088 Theocritum
690 1021 737 1086 ld.
764 1021 866 1101 XXV,
888 1041 916 1084 v.
943 1027 1005 1088 237
1031 1021 1187 1087 Hercules
1210 1015 1350 1083 medium
1375 1027 1483 1101 pectus
1507 1020 1608 1082 leonis

141 1109 143 1118 ’
273 1125 398 1191 frustra
422 1124 511 1205 ferit,
539 1128 617 1192 dicit
642 1126 724 1190 enim

392 1284 395 1300 ’
487 1284 640 1369 μεσσηγύς
663 1285 690 1346 δ’
715 1283 824 1368 ἔβαλον
849 1281 999 1366 στηθέων,
1028 1282 1077 1346 litu
1100 1281 1264 1366 πνεύμονος
1287 1282 1374 1366 ἕδρη.

486 1389 555 1455 ἀλλ’
580 1389 641 1453 οὐδ’
667 1389 706 1461 ὣς
730 1388 786 1453 ὑπὸ
812 1389 920 1477 βύρσαν
945 1389 996 1454 ἔδυ
1020 1388 1212 1460 πολοιύδονος
1235 1388 1287 1459 lla

341 1550 407 1617 Sub
446 1553 541 1616 corde
565 1561 673 1617 autem
712 1553 891 1635 pulmonem
915 1571 984 1618 esse
1024 1548 1147 1616 Plinius
1186 1559 1299 1616 auctor
1331 1551 1379 1615 est
1418 1553 1493 1617 Nat.
1518 1551 1608 1616 Hist.

272 1661 295 1723 l.
322 1657 385 1739 XI,
411 1678 438 1726 c.
464 1667 516 1742 37,
540 1659 558 1742 ξ
585 1666 657 1728 188.

341 1765 491 1847 Quamvis
516 1776 624 1832 autem
648 1765 776 1832 divorsa
799 1775 841 1833 sit
866 1767 999 1832 humani
1024 1773 1166 1847 corporis
1199 1782 1368 1849 compages
1403 1772 1498 1846 atque
1522 1774 1610 1830 cete·

272 1891 380 1938 rorum
403 1872 601 1954 animalium,
626 1882 734 1940 tamen
759 1876 895 1941 hominis
919 1892 1045 1955 quoque
1069 1891 1140 1938 cum
1164 1876 1280 1956 pectus
1314 1871 1443 1951 feritur,
1468 1880 1526 1936 aut
1549 1891 1608 1938 cor
1650 1941 1656 1957 ,

272 1979 427 2063 transfigi
450 1989 508 2044 aut
531 1983 710 2064 pulmonem
732 1984 789 2046 aut
813 1987 904 2050 iecur
941 1985 1056 2046 docent
1089 1981 1121 2043 hi
1160 1983 1233 2046 loct:
1261 1981 1298 2044 ll.
1324 1978 1344 2042 l.
1368 1979 1459 2056 XIII,
1484 1999 1513 2047 u.
1540 1985 1607 2046 438

271 2085 383 2168 στῆθος
408 2083 498 2168 μέσον
523 2085 622 2149 ούτασι
645 2085 724 2170 δουρί
747 2098 779 2156 ct
816 2109 846 2156 v.
874 2095 937 2156 442
963 2085 1031 2172 δύρο
1055 2087 1080 2148 δ’
1106 2084 1137 2148 ἐν
1166 2086 1270 2168 κραδίῃ
1311 2083 1466 2170 ἐπεπήγει,
1491 2089 1515 2153 l.
1542 2085 1604 2164 iv,

271 2213 302 2261 v.
330 2201 393 2263 528
419 2192 492 2278 βάλε
517 2193 597 2278 δουρὶ
620 2191 742 2278 στέρνον
767 2193 841 2277 ὑπὲρ
866 2193 981 2277 μάζοιο,
1005 2192 1089 2276 πάγη
1114 2194 1140 2255 δ’
1166 2187 1205 2255 ἐν
1220 2191 1362 2275 πνεύμονι
1385 2190 1509 2278 χαλκύς,
1539 2193 1604 2258 Od.

270 2301 378 2381 viiii,
397 2319 427 2366 v.
453 2305 514 2366 301
541 2297 700 2384 οὐτάμεναι
723 2301 794 2384 πρὸς
818 2301 938 2386 στῆθος.
963 2299 1013 2363 ὅθι
1036 2299 1142 2386 φρένες
1166 2296 1248 2385 ἧπαρ
1267 2301 1386 2385 ἔχουσιν
1403 2303 1436 2366 et
1452 2306 1475 2367 l.
1493 2305 1604 2378 XXII,

270 2429 298 2475 v.
325 2417 365 2478 82
390 2405 434 2471 ἰὸν
459 2407 634 2491 ἀποπροϊεὶς
658 2407 751 2494 βάλλε
774 2409 884 2493 στῆθος
911 2410 990 2493 παρά
1016 2407 1121 2489 μαζὸν,
1151 2406 1182 2470 ἐν
1207 2406 1241 2471 δέ
1266 2407 1294 2470 οἱ
1316 2407 1409 2489 ἥπατι
1432 2408 1507 2490 πῆξε
1531 2406 1606 2469 θοὸν

271 2513 368 2599 βέλος.
394 2519 456 2586 Sed
480 2521 674 2597 plerumque
697 2535 768 2582 cum
793 2521 925 2583 adverso
951 2535 1083 2598 corporo
1108 2519 1171 2582 icto
1196 2519 1363 2602 reiparte
1399 2519 1509 2597 aliqua
1533 2533 1607 2580 cor·
1641 2539 1646 2548 ·

270 2632 371 2707 poris,
394 2626 485 2690 velut
520 2620 623 2704 cerrita
647 2626 671 2692 Ι.
697 2623 770 2700 XV,
798 2643 825 2687 u.
852 2630 929 2704 434,
971 2642 1080 2690 umero
1106 2626 1127 2688 l.
1152 2623 1240 2702 XVI,
1282 2644 1312 2691 v.
1350 2631 1425 2704 289,
1455 2621 1601 2702 brachio,

154 2814 157 2825 .
271 2731 333 2797 Od.
360 2735 479 2812 XVIII,
517 2751 543 2821 v,
571 2735 647 2808 396,
686 2737 815 2812 pectore
850 2733 890 2798 ll.
916 2735 939 2800 l.
967 2732 1037 2808 VII,
1077 2753 1102 2799 v,
1130 2740 1192 2799 145
1232 2739 1263 2796 et
1295 2734 1351 2815 XI,
1389 2751 1416 2795 ν.
1453 2735 1526 2809 144,
1553 2734 1605 2794 vel

268 2848 356 2902 scuto
380 2841 402 2904 l.
427 2838 501 2918 XV,
529 2858 560 2904 v.
589 2846 665 2919 646,
692 2831 849 2907 Homerus
875 2837 954 2904 dicit
977 2841 1132 2904 bellantes
1171 2835 1290 2908 ἱππίους
1313 2843 1416 2898 πεσεῖν
1439 2840 1487 2902 uel
1512 2859 1605 2899 occu-

141 3007 148 3022 ,
203 2938 207 2943 ’
268 2949 374 3006 πεσεῖν
398 2944 448 3010 vel
473 2944 553 3006 ούδει
576 2941 761 3029 ἐρεισθῆναι,
785 2947 844 3009 hoc
869 2943 962 3010 unice
987 2944 1129 3010 efficitur
1153 2942 1236 3009 ictus
1274 2941 1446 3027 gravitate.
1487 2942 1607 3026 Supini

271 3060 367 3117 etiam
392 3055 513 3118 cadunt
536 3053 644 3116 Thoon
669 3057 692 3120 l.
719 3053 810 3136 XIII,
834 3071 865 3120 ν.
894 3059 968 3132 648,
994 3071 1014 3117 a
1037 3061 1132 3136 tergo
1148 3050 1242 3133 ictus,
1262 3063 1294 3117 ct
1307 3053 1439 3132 Arctus,
1455 3056 1477 3115 l.
1497 3053 1602 3134 XVII,

269 3179 300 3228 κ.
329 3163 404 3238 523,
431 3157 485 3240 qui
511 3162 646 3226 adverso
670 3162 804 3225 vulnere
827 3169 957 3240 accepto
981 3165 1099 3226 temere
1136 3160 1372 3240 aliquantulum
1409 3177 1607 3243 progressus

270 3271 356 3332 cadit
380 3275 463 3332 siout
489 3270 556 3334 boa

337 3375 398 3439 Od.
424 3377 448 3442 l.
476 3378 582 3453 XIIII,
608 3394 639 3442 v.
667 3383 708 3443 50
733 3371 778 3444 αἲξ
813 3373 910 3458 ἄγριος
935 3377 1122 3457 appellatur
1147 3371 1259 3455 ἰονδάς,
1292 3378 1377 3456 quod
1413 3377 1480 3441 sino
1504 3373 1606 3440 dubio

269 3481 355 3548 idem
380 3483 467 3547 valet
490 3485 573 3562 quod
596 3477 788 3560 ‘barbatus’‚
825 3500 887 3563 quo
919 3484 1046 3549 nomine
1079 3500 1245 3566 aegagrus
1269 3491 1302 3548 in
1326 3479 1471 3549 Caucaso
1495 3492 1605 3548 monte

269 3591 400 3654 Rossice
425 3595 629 3669 nuncupatur
652 3588 867 3671 (borodatsh).
903 3589 1012 3668 Atque
1037 3596 1087 3652 est
1112 3585 1239 3670 insigne
1263 3607 1483 3672 aegagrorum
1507 3595 1604 3658 Asia-

270 3703 406 3760 ticorum
431 3711 495 3760 tam
521 3702 656 3760 marium
682 3713 777 3776 quam
817 3692 981 3760 interdum
1015 3695 1219 3776 feminarum,
1262 3715 1323 3776 quo
1356 3695 1528 3763 manifesto
1562 3700 1609 3762 ab

269 3804 409 3867 ibicibus
433 3803 633 3883 reliquisque
657 3808 811 3886 aegagrts
834 3799 1007 3882 differunt,
1034 3804 1133 3885 longa
1156 3811 1318 3885 nigraque
1343 3806 1457 3869 barba.
1480 3803 1605 3872 Decen-

270 3914 319 3974 nis
344 3913 427 3974 enim
453 3910 614 3974 cuiusdam
640 3909 738 3974 maris
763 3911 867 3976 barba
890 3911 1039 3990 quartam
1063 3918 1189 3994 partem
1214 3919 1309 3976 metri
1334 3913 1420 3991 quod
1444 3930 1530 3978 nunc
1554 3915 1605 3978 di-

271 4028 347 4082 cunt
370 4021 466 4100 longa
491 4027 574 4098 erat,
600 4014 740 4108 quinque
765 4035 864 4081 annos
889 4017 955 4083 nati
981 4020 1117 4083 sedecim
1154 4026 1356 4097 centesimae,
1384 4027 1421 4082 ut
1443 4029 1490 4084 est
1515 4021 1603 4100 apud

270 4128 447 4190 Lorenzum
471 4141 502 4203 p.
527 4131 602 4190 872.

337 4232 407 4296 Non
432 4238 535 4295 minus
560 4237 642 4295 mira
665 4237 728 4297 iam
753 4233 918 4295 veteribus
943 4238 1009 4294 visa
1032 4242 1081 4296 est
1114 4235 1285 4315 longitudo
1324 4251 1479 4299 cornuum
1504 4231 1604 4297 huius

269 4334 420 4420 aegagri,
459 4354 542 4415 quae
576 4332 816 4420 ἑκκαιδεκάδωρα
857 4339 1017 4403 Homerus
1040 4341 1128 4405 dicit.
1163 4339 1246 4404 Nam
1284 4339 1387 4422 δῶρον,
1415 4349 1451 4404 ut
1475 4343 1605 4423 legitur

269 4447 355 4528 apud
378 4443 576 4520 scholiastes,
613 4453 660 4508 ost
697 4439 783 4508 idem
808 4447 891 4524 quod
915 4444 930 4506 ὁ
954 4441 1130 4528 παλαιστής,
1158 4444 1173 4507 6
1199 4443 1277 4507 ἐστιν
1303 4445 1420 4516 ἔκτασις
1455 4455 1512 4510 τῶν
1547 4453 1604 4530 τῆς

269 4546 369 4634 χειρὸς
392 4547 541 4629 τεσσάρων
560 4547 725 4631 δακτύλων,
751 4559 783 4616 et
807 4548 973 4614 Vitruvius
997 4554 1018 4616 l.
1043 4552 1085 4634 ll,
1110 4571 1135 4620 c.
1163 4561 1180 4620 3
1206 4549 1342 4630 ‘doron'‚
1362 4563 1466 4634 inquit
1489 4555 1601 4621 ‘Grac-

268 4653 298 4720 ci
333 4655 498 4737 appellanl
531 4657 698 4738 palmum’,
734 4660 756 4722 l.
781 4662 839 4735 llI,
865 4677 893 4722 c.
922 4667 936 4726 1
965 4657 1099 4740 'palmus
1123 4662 1222 4728 habet
1262 4663 1383 4742 digitos
1402 4670 1544 4741 quatuor
1567 4669 1604 4726 ot
