<?xml version="1.0" encoding="UTF-8"?>
<!DOCTYPE html PUBLIC "-//W3C//DTD XHTML 1.0 Transitional//EN"
    "http://www.w3.org/TR/xhtml1/DTD/xhtml1-transitional.dtd">
<html xmlns="http://www.w3.org/1999/xhtml" xml:lang="en" lang="en">
 <head>
  <title>
</title>
<meta http-equiv="Content-Type" content="text/html;charset=utf-8" />
  <meta name='ocr-system' content='tesseract 3.04.00' />
  <meta name='ocr-capabilities' content='ocr_page ocr_carea ocr_par ocr_line ocrx_word'/>
</head>
<body>
  <div class='ocr_page' id='page_1' title='image "./depandarovenato00schmgoog_0012.png"; bbox 0 0 3584 5328; ppageno 0'>
   <div class='ocr_carea' id='block_1_1' title="bbox 788 347 1000 413">
    <p class='ocr_par' dir='ltr' id='par_1_1' title="bbox 788 347 1000 413">
     <span class='ocr_line' id='line_1_1' title="bbox 788 347 1000 413; baseline -0.014 -17"><span class='ocrx_word' id='word_1_1' title='bbox 788 347 1000 413; x_wconf 69' lang='lat'>..7-</span> 
     </span>
    </p>
   </div>
   <div class='ocr_carea' id='block_1_2' title="bbox 226 538 1558 838">
    <p class='ocr_par' dir='ltr' id='par_1_2' title="bbox 226 538 1558 838">
     <span class='ocr_line' id='line_1_2' title="bbox 294 538 1557 624; baseline -0.002 -18"><span class='ocrx_word' id='word_1_2' title='bbox 294 543 438 606; x_wconf 86' lang='lat' dir='ltr'>Primum</span> <span class='ocrx_word' id='word_1_3' title='bbox 477 538 593 624; x_wconf 79' lang='lat' dir='ltr'>igitur,</span> <span class='ocrx_word' id='word_1_4' title='bbox 634 559 793 622; x_wconf 80' lang='lat' dir='ltr'><strong>quaenam</strong></span> <span class='ocrx_word' id='word_1_5' title='bbox 833 543 876 606; x_wconf 89' lang='lat' dir='ltr'>sit</span> <span class='ocrx_word' id='word_1_6' title='bbox 914 542 991 607; x_wconf 91' lang='lat' dir='ltr'>baec</span> <span class='ocrx_word' id='word_1_7' title='bbox 1030 540 1110 622; x_wconf 86' lang='lat' dir='ltr'>fera,</span> <span class='ocrx_word' id='word_1_8' title='bbox 1148 541 1335 606; x_wconf 82' lang='lat' dir='ltr'>docendum.</span> <span class='ocrx_word' id='word_1_9' title='bbox 1361 539 1432 621; x_wconf 81' lang='lat' dir='ltr'>Qua</span> <span class='ocrx_word' id='word_1_10' title='bbox 1456 542 1497 605; x_wconf 92' lang='grc'>(11</span> <span class='ocrx_word' id='word_1_11' title='bbox 1520 559 1557 604; x_wconf 93' lang='lat' dir='ltr'>re</span> 
     </span>
     <span class='ocr_line' id='line_1_3' title="bbox 227 643 1555 732; baseline -0.001 -19"><span class='ocrx_word' id='word_1_12' title='bbox 227 657 429 732; x_wconf 73' lang='lat' dir='ltr'>quantopere</span> <span class='ocrx_word' id='word_1_13' title='bbox 453 649 582 727; x_wconf 90' lang='lat' dir='ltr'>quidam</span> <span class='ocrx_word' id='word_1_14' title='bbox 610 655 764 726; x_wconf 77' lang='lat' dir='ltr'>errarint,</span> <span class='ocrx_word' id='word_1_15' title='bbox 793 650 939 730; x_wconf 86' lang='lat' dir='ltr'>exemplo</span> <span class='ocrx_word' id='word_1_16' title='bbox 967 643 1011 712; x_wconf 87' lang='lat' dir='ltr'>sit</span> <span class='ocrx_word' id='word_1_17' title='bbox 1033 647 1090 714; x_wconf 81' lang='lat' dir='ltr'>Fr.</span> <span class='ocrx_word' id='word_1_18' title='bbox 1114 647 1158 711; x_wconf 88' lang='grc' dir='ltr'>Η.</span> <span class='ocrx_word' id='word_1_19' title='bbox 1183 645 1296 712; x_wconf 88' lang='lat' dir='ltr'>Bothe.</span> <span class='ocrx_word' id='word_1_20' title='bbox 1322 644 1384 710; x_wconf 92' lang='lat' dir='ltr'>Hic</span> <span class='ocrx_word' id='word_1_21' title='bbox 1406 644 1490 711; x_wconf 88' lang='lat' dir='ltr'>enirn</span> <span class='ocrx_word' id='word_1_22' title='bbox 1514 649 1555 712; x_wconf 89' lang='lat' dir='ltr'>ad</span> 
     </span>
     <span class='ocr_line' id='line_1_4' title="bbox 226 751 1558 838; baseline -0.005 -16"><span class='ocrx_word' id='word_1_23' title='bbox 226 759 310 824; x_wconf 89' lang='lat' dir='ltr'>hunc</span> <span class='ocrx_word' id='word_1_24' title='bbox 332 758 437 822; x_wconf 91' lang='lat' dir='ltr'>locum</span> <span class='ocrx_word' id='word_1_25' title='bbox 461 757 598 820; x_wconf 90' lang='lat' dir='ltr'>adnotat</span> <span class='ocrx_word' id='word_1_26' title='bbox 620 751 877 838; x_wconf 90' lang='lat' dir='ltr'>intellegendam</span> <span class='ocrx_word' id='word_1_27' title='bbox 902 772 970 820; x_wconf 87' lang='lat' dir='ltr'>esse</span> <span class='ocrx_word' id='word_1_28' title='bbox 994 771 1125 835; x_wconf 91' lang='lat' dir='ltr'>capram</span> <span class='ocrx_word' id='word_1_29' title='bbox 1149 771 1344 838; x_wconf 86' lang='lat' dir='ltr'>aegagrum,</span> <span class='ocrx_word' id='word_1_30' title='bbox 1360 771 1457 834; x_wconf 88' lang='lat' dir='ltr'>quain</span> <span class='ocrx_word' id='word_1_31' title='bbox 1482 771 1558 820; x_wconf 89' lang='lat' dir='ltr'>ean-</span> 
     </span>
    </p>
   </div>
   <div class='ocr_carea' id='block_1_3' title="bbox 226 847 1688 943">
    <p class='ocr_par' dir='ltr' id='par_1_3' title="bbox 226 847 1688 943">
     <span class='ocr_line' id='line_1_5' title="bbox 226 847 1688 943; baseline -0.003 -14"><span class='ocrx_word' id='word_1_32' title='bbox 226 867 297 930; x_wconf 87' lang='lat' dir='ltr'>dem</span> <span class='ocrx_word' id='word_1_33' title='bbox 320 881 356 930; x_wconf 88' lang='lat' dir='ltr'>se</span> <span class='ocrx_word' id='word_1_34' title='bbox 378 868 497 943; x_wconf 90' lang='lat' dir='ltr'>putare</span> <span class='ocrx_word' id='word_1_35' title='bbox 521 879 559 926; x_wconf 89' lang='lat' dir='ltr'>ac</span> <span class='ocrx_word' id='word_1_36' title='bbox 582 879 712 943; x_wconf 86' lang='lat' dir='ltr'>caprum</span> <span class='ocrx_word' id='word_1_37' title='bbox 736 879 913 928; x_wconf 89' lang='lat' dir='ltr'>ammonem</span> <span class='ocrx_word' id='word_1_38' title='bbox 939 858 1085 938; x_wconf 79' lang='lat' dir='ltr'>binnaei,</span> <span class='ocrx_word' id='word_1_39' title='bbox 1111 879 1199 926; x_wconf 81' lang='lat' dir='ltr'>orem</span> <span class='ocrx_word' id='word_1_40' title='bbox 1232 869 1401 940; x_wconf 89' lang='lat' dir='ltr'>musimon,</span> <span class='ocrx_word' id='word_1_41' title='bbox 1427 878 1557 942; x_wconf 90' lang='lat' dir='ltr'>capram</span> <span class='ocrx_word' id='word_1_42' title='bbox 1681 847 1688 862; x_wconf 90' lang='lat'>&#39;</span> 
     </span>
    </p>
   </div>
   <div class='ocr_carea' id='block_1_4' title="bbox 161 961 1609 2449">
    <p class='ocr_par' dir='ltr' id='par_1_4' title="bbox 161 961 1609 2449">
     <span class='ocr_line' id='line_1_6' title="bbox 226 961 1558 1052; baseline -0.005 -16"><span class='ocrx_word' id='word_1_43' title='bbox 226 971 403 1046; x_wconf 85' lang='lat' dir='ltr'>Sibiricam,</span> <span class='ocrx_word' id='word_1_44' title='bbox 431 986 597 1052; x_wconf 88' lang='lat' dir='ltr'>caprorem</span> <span class='ocrx_word' id='word_1_45' title='bbox 622 971 751 1052; x_wconf 84' lang='lat' dir='ltr'>Argali,</span> <span class='ocrx_word' id='word_1_46' title='bbox 778 971 863 1049; x_wconf 89' lang='lat' dir='ltr'>quod</span> <span class='ocrx_word' id='word_1_47' title='bbox 883 971 1006 1034; x_wconf 87' lang='lat' dir='ltr'>animal</span> <span class='ocrx_word' id='word_1_48' title='bbox 1031 976 1158 1051; x_wconf 83' lang='lat' dir='ltr'>magnis</span> <span class='ocrx_word' id='word_1_49' title='bbox 1195 970 1344 1035; x_wconf 86' lang='lat' dir='ltr'>cornibus</span> <span class='ocrx_word' id='word_1_50' title='bbox 1372 961 1558 1049; x_wconf 88' lang='lat' dir='ltr'>praeditum</span> 
     </span>
     <span class='ocr_line' id='line_1_7' title="bbox 226 1073 1558 1158; baseline -0.003 -17"><span class='ocrx_word' id='word_1_51' title='bbox 226 1074 321 1144; x_wconf 90' lang='lat' dir='ltr'>hodie</span> <span class='ocrx_word' id='word_1_52' title='bbox 346 1094 408 1140; x_wconf 94' lang='lat' dir='ltr'>non</span> <span class='ocrx_word' id='word_1_53' title='bbox 433 1080 536 1141; x_wconf 89' lang='lat' dir='ltr'>solum</span> <span class='ocrx_word' id='word_1_54' title='bbox 558 1073 593 1140; x_wconf 93' lang='lat' dir='ltr'>in</span> <span class='ocrx_word' id='word_1_55' title='bbox 616 1074 752 1158; x_wconf 79' lang='lat' dir='ltr'>rupibus</span> <span class='ocrx_word' id='word_1_56' title='bbox 777 1074 915 1145; x_wconf 83' lang='lat' dir='ltr'>Caucasi</span> <span class='ocrx_word' id='word_1_57' title='bbox 938 1085 970 1141; x_wconf 94' lang='lat' dir='ltr'>et</span> <span class='ocrx_word' id='word_1_58' title='bbox 993 1073 1341 1157; x_wconf 85' lang='lat' dir='ltr'>SibiriaeAiricaeque</span> <span class='ocrx_word' id='word_1_59' title='bbox 1365 1079 1558 1157; x_wconf 92' lang='lat' dir='ltr'>septentrio·</span> 
     </span>
     <span class='ocr_line' id='line_1_8' title="bbox 226 1178 1593 1265; baseline -0.004 -14"><span class='ocrx_word' id='word_1_60' title='bbox 226 1187 323 1261; x_wconf 78' lang='lat' dir='ltr'>ualle,</span> <span class='ocrx_word' id='word_1_61' title='bbox 348 1186 406 1248; x_wconf 88' lang='lat' dir='ltr'>sed</span> <span class='ocrx_word' id='word_1_62' title='bbox 435 1181 533 1250; x_wconf 89' lang='lat' dir='ltr'>etiam</span> <span class='ocrx_word' id='word_1_63' title='bbox 558 1181 591 1247; x_wconf 91' lang='lat' dir='ltr'>in</span> <span class='ocrx_word' id='word_1_64' title='bbox 615 1181 729 1248; x_wconf 85' lang='lat' dir='ltr'>insulis</span> <span class='ocrx_word' id='word_1_65' title='bbox 752 1183 882 1249; x_wconf 79' lang='lat' dir='ltr'>Corsica</span> <span class='ocrx_word' id='word_1_66' title='bbox 906 1185 939 1248; x_wconf 86' lang='lat' dir='ltr'>et</span> <span class='ocrx_word' id='word_1_67' title='bbox 962 1180 1115 1249; x_wconf 80' lang='lat' dir='ltr'>Sardinia</span> <span class='ocrx_word' id='word_1_68' title='bbox 1138 1181 1332 1252; x_wconf 85' lang='lat' dir='ltr'>inueniatur.</span> <span class='ocrx_word' id='word_1_69' title='bbox 1356 1183 1429 1265; x_wconf 83' lang='lat' dir='ltr'>Qua</span> <span class='ocrx_word' id='word_1_70' title='bbox 1463 1178 1496 1244; x_wconf 91' lang='lat' dir='ltr'>iu</span> <span class='ocrx_word' id='word_1_71' title='bbox 1520 1198 1556 1245; x_wconf 92' lang='lat' dir='ltr'>re</span> <span class='ocrx_word' id='word_1_72' title='bbox 1588 1183 1593 1212; x_wconf 89' lang='lat'>¹</span> 
     </span>
     <span class='ocr_line' id='line_1_9' title="bbox 161 1261 1555 1372; baseline -0.006 -14"><span class='ocrx_word' id='word_1_73' title='bbox 161 1289 164 1300; x_wconf 88' lang='lat'>&#39;</span> <span class='ocrx_word' id='word_1_74' title='bbox 225 1310 298 1358; x_wconf 90' lang='lat' dir='ltr'>eum</span> <span class='ocrx_word' id='word_1_75' title='bbox 322 1307 401 1358; x_wconf 83' lang='lat' dir='ltr'>vera</span> <span class='ocrx_word' id='word_1_76' title='bbox 441 1309 512 1356; x_wconf 91' lang='lat' dir='ltr'>curn</span> <span class='ocrx_word' id='word_1_77' title='bbox 536 1289 731 1371; x_wconf 77' lang='lat' dir='ltr'>falsissimis,</span> <span class='ocrx_word' id='word_1_78' title='bbox 759 1308 874 1372; x_wconf 89' lang='lat' dir='ltr'>capras</span> <span class='ocrx_word' id='word_1_79' title='bbox 899 1261 973 1356; x_wconf 75' lang='lat' dir='ltr'>cuin</span> <span class='ocrx_word' id='word_1_80' title='bbox 996 1287 1109 1355; x_wconf 91' lang='lat' dir='ltr'>ovibus</span> <span class='ocrx_word' id='word_1_81' title='bbox 1133 1277 1311 1357; x_wconf 78' lang='lat' dir='ltr'>confudisse</span> <span class='ocrx_word' id='word_1_82' title='bbox 1334 1286 1438 1370; x_wconf 82' lang='lat' dir='ltr'>quiuis</span> <span class='ocrx_word' id='word_1_83' title='bbox 1455 1285 1555 1352; x_wconf 84' lang='lat' dir='ltr'>ridet.</span> 
     </span>
     <span class='ocr_line' id='line_1_10' title="bbox 226 1394 1557 1481; baseline -0.003 -19"><span class='ocrx_word' id='word_1_84' title='bbox 226 1398 322 1464; x_wconf 88' lang='lat' dir='ltr'>Nunc</span> <span class='ocrx_word' id='word_1_85' title='bbox 346 1417 405 1480; x_wconf 92' lang='lat' dir='ltr'>per</span> <span class='ocrx_word' id='word_1_86' title='bbox 427 1394 675 1481; x_wconf 84' lang='lat' dir='ltr'>investigatores</span> <span class='ocrx_word' id='word_1_87' title='bbox 699 1404 837 1462; x_wconf 90' lang='lat' dir='ltr'>naturae</span> <span class='ocrx_word' id='word_1_88' title='bbox 861 1404 894 1460; x_wconf 87' lang='lat' dir='ltr'>et</span> <span class='ocrx_word' id='word_1_89' title='bbox 916 1399 1081 1464; x_wconf 88' lang='lat' dir='ltr'>terrarum</span> <span class='ocrx_word' id='word_1_90' title='bbox 1103 1398 1322 1478; x_wconf 79' lang='lat' dir='ltr'>speculatores</span> <span class='ocrx_word' id='word_1_91' title='bbox 1346 1397 1468 1460; x_wconf 89' lang='lat' dir='ltr'>dudum</span> <span class='ocrx_word' id='word_1_92' title='bbox 1491 1411 1557 1458; x_wconf 90' lang='lat' dir='ltr'>me·</span> 
     </span>
     <span class='ocr_line' id='line_1_11' title="bbox 226 1501 1557 1586; baseline -0.006 -14"><span class='ocrx_word' id='word_1_93' title='bbox 226 1510 290 1572; x_wconf 92' lang='lat' dir='ltr'>lius</span> <span class='ocrx_word' id='word_1_94' title='bbox 314 1509 430 1586; x_wconf 85' lang='lat' dir='ltr'>edocti,</span> <span class='ocrx_word' id='word_1_95' title='bbox 458 1502 607 1586; x_wconf 89' lang='lat' dir='ltr'>quaesit</span> <span class='ocrx_word' id='word_1_96' title='bbox 631 1505 710 1570; x_wconf 89' lang='lat' dir='ltr'>haec</span> <span class='ocrx_word' id='word_1_97' title='bbox 732 1503 815 1582; x_wconf 84' lang='lat' dir='ltr'>fera,</span> <span class='ocrx_word' id='word_1_98' title='bbox 842 1511 930 1568; x_wconf 92' lang='lat' dir='ltr'>certo</span> <span class='ocrx_word' id='word_1_99' title='bbox 954 1507 1083 1580; x_wconf 80' lang='lat' dir='ltr'>scimus.</span> <span class='ocrx_word' id='word_1_100' title='bbox 1109 1507 1284 1570; x_wconf 88' lang='lat' dir='ltr'>Praeterea</span> <span class='ocrx_word' id='word_1_101' title='bbox 1307 1521 1411 1583; x_wconf 87' lang='lat' dir='ltr'>nuper</span> <span class='ocrx_word' id='word_1_102' title='bbox 1427 1503 1466 1569; x_wconf 93' lang='lat'>0.</span> <span class='ocrx_word' id='word_1_103' title='bbox 1481 1501 1557 1566; x_wconf 88' lang='lat' dir='ltr'>Kel-</span> 
     </span>
     <span class='ocr_line' id='line_1_12' title="bbox 226 1597 1607 1692; baseline -0.006 -14"><span class='ocrx_word' id='word_1_104' title='bbox 226 1616 276 1678; x_wconf 87' lang='lat' dir='ltr'>ler</span> <span class='ocrx_word' id='word_1_105' title='bbox 300 1611 334 1678; x_wconf 91' lang='lat' dir='ltr'>in</span> <span class='ocrx_word' id='word_1_106' title='bbox 357 1611 411 1677; x_wconf 94' lang='lat' dir='ltr'>illo</span> <span class='ocrx_word' id='word_1_107' title='bbox 434 1610 519 1677; x_wconf 91' lang='lat' dir='ltr'>libro</span> <span class='ocrx_word' id='word_1_108' title='bbox 543 1609 602 1692; x_wconf 91' lang='lat' dir='ltr'>qui</span> <span class='ocrx_word' id='word_1_109' title='bbox 624 1607 815 1676; x_wconf 75' lang='lat' dir='ltr'>inscribitur</span> <span class='ocrx_word' id='word_1_110' title='bbox 839 1609 959 1675; x_wconf 79' lang='lat' dir='ltr'>Thiere</span> <span class='ocrx_word' id='word_1_111' title='bbox 985 1613 1041 1675; x_wconf 86' lang='lat' dir='ltr'>dee</span> <span class='ocrx_word' id='word_1_112' title='bbox 1065 1597 1257 1676; x_wconf 86' lang='lat' dir='ltr'>classiechen</span> <span class='ocrx_word' id='word_1_113' title='bbox 1297 1610 1501 1674; x_wconf 85' lang='lat' dir='ltr'>Alterthums</span> <span class='ocrx_word' id='word_1_114' title='bbox 1524 1605 1555 1670; x_wconf 96' lang='lat' dir='ltr'>in</span> <span class='ocrx_word' id='word_1_115' title='bbox 1605 1674 1607 1680; x_wconf 69' lang='grc'><em>,</em></span> 
     </span>
     <span class='ocr_line' id='line_1_13' title="bbox 226 1699 1555 1802; baseline -0.005 -16"><span class='ocrx_word' id='word_1_116' title='bbox 226 1718 614 1802; x_wconf 88' lang='lat' dir='ltr'>culturgeschichtlicher</span> <span class='ocrx_word' id='word_1_117' title='bbox 638 1718 834 1801; x_wconf 85' lang='lat' dir='ltr'>Bezlehung,</span> <span class='ocrx_word' id='word_1_118' title='bbox 859 1717 1038 1800; x_wconf 89' lang='lat' dir='ltr'>Oenopouti</span> <span class='ocrx_word' id='word_1_119' title='bbox 1054 1739 1084 1784; x_wconf 87' lang='lat' dir='ltr'>a.</span> <span class='ocrx_word' id='word_1_120' title='bbox 1101 1716 1433 1786; x_wconf 82' lang='lat' dir='ltr'>MDOGOLXXXVII</span> <span class='ocrx_word' id='word_1_121' title='bbox 1451 1699 1555 1790; x_wconf 83' lang='lat' dir='ltr'>edito,</span> 
     </span>
     <span class='ocr_line' id='line_1_14' title="bbox 227 1820 1557 1910; baseline -0.005 -17"><span class='ocrx_word' id='word_1_122' title='bbox 227 1831 329 1893; x_wconf 88' lang='lat' dir='ltr'>omnis</span> <span class='ocrx_word' id='word_1_123' title='bbox 351 1834 480 1910; x_wconf 88' lang='lat' dir='ltr'>generis</span> <span class='ocrx_word' id='word_1_124' title='bbox 503 1829 651 1891; x_wconf 87' lang='lat' dir='ltr'>doctrina</span> <span class='ocrx_word' id='word_1_125' title='bbox 673 1832 807 1909; x_wconf 81' lang='lat' dir='ltr'>insigni,</span> <span class='ocrx_word' id='word_1_126' title='bbox 833 1829 993 1906; x_wconf 86' lang='lat' dir='ltr'>quidquid</span> <span class='ocrx_word' id='word_1_127' title='bbox 1018 1828 1058 1892; x_wconf 92' lang='lat' dir='ltr'>de</span> <span class='ocrx_word' id='word_1_128' title='bbox 1082 1828 1142 1891; x_wconf 91' lang='lat' dir='ltr'>bac</span> <span class='ocrx_word' id='word_1_129' title='bbox 1166 1843 1202 1890; x_wconf 92' lang='lat' dir='ltr'>re</span> <span class='ocrx_word' id='word_1_130' title='bbox 1227 1843 1290 1889; x_wconf 92' lang='lat' dir='ltr'>non</span> <span class='ocrx_word' id='word_1_131' title='bbox 1311 1826 1404 1889; x_wconf 90' lang='lat' dir='ltr'>modo</span> <span class='ocrx_word' id='word_1_132' title='bbox 1428 1820 1557 1887; x_wconf 87' lang='lat' dir='ltr'>littera-</span> 
     </span>
     <span class='ocr_line' id='line_1_15' title="bbox 227 1927 1583 2015; baseline -0.004 -16"><span class='ocrx_word' id='word_1_133' title='bbox 227 1954 310 2012; x_wconf 92' lang='lat' dir='ltr'>rum,</span> <span class='ocrx_word' id='word_1_134' title='bbox 336 1936 393 2001; x_wconf 91' lang='lat' dir='ltr'>sed</span> <span class='ocrx_word' id='word_1_135' title='bbox 417 1942 515 1999; x_wconf 90' lang='lat' dir='ltr'>etiam</span> <span class='ocrx_word' id='word_1_136' title='bbox 539 1935 618 1998; x_wconf 86' lang='lat' dir='ltr'>artis</span> <span class='ocrx_word' id='word_1_137' title='bbox 641 1931 797 2015; x_wconf 90' lang='lat' dir='ltr'>antiquae</span> <span class='ocrx_word' id='word_1_138' title='bbox 821 1942 1032 2001; x_wconf 85' lang='lat' dir='ltr'>monumentis</span> <span class='ocrx_word' id='word_1_139' title='bbox 1055 1940 1250 2009; x_wconf 88' lang='lat' dir='ltr'>continetur,</span> <span class='ocrx_word' id='word_1_140' title='bbox 1272 1932 1459 1998; x_wconf 89' lang='lat' dir='ltr'>admirabili</span> <span class='ocrx_word' id='word_1_141' title='bbox 1482 1927 1557 1995; x_wconf 90' lang='lat' dir='ltr'>dlli—</span> <span class='ocrx_word' id='word_1_142' title='bbox 1581 2002 1583 2012; x_wconf 44' lang='grc'>,</span> 
     </span>
     <span class='ocr_line' id='line_1_16' title="bbox 226 2038 1558 2127; baseline -0.006 -20"><span class='ocrx_word' id='word_1_143' title='bbox 226 2043 337 2127; x_wconf 89' lang='lat' dir='ltr'>gentia</span> <span class='ocrx_word' id='word_1_144' title='bbox 359 2049 392 2106; x_wconf 89' lang='lat' dir='ltr'>et</span> <span class='ocrx_word' id='word_1_145' title='bbox 413 2042 593 2109; x_wconf 87' lang='lat' dir='ltr'>subtilitate</span> <span class='ocrx_word' id='word_1_146' title='bbox 615 2044 782 2123; x_wconf 81' lang='lat' dir='ltr'>amplexus</span> <span class='ocrx_word' id='word_1_147' title='bbox 806 2050 865 2106; x_wconf 89' lang='lat' dir='ltr'>est.</span> <span class='ocrx_word' id='word_1_148' title='bbox 890 2040 1032 2122; x_wconf 83' lang='lat' dir='ltr'>Quocum</span> <span class='ocrx_word' id='word_1_149' title='bbox 1048 2041 1157 2106; x_wconf 89' lang='lat' dir='ltr'>multis</span> <span class='ocrx_word' id='word_1_150' title='bbox 1180 2038 1214 2105; x_wconf 92' lang='lat' dir='ltr'>in</span> <span class='ocrx_word' id='word_1_151' title='bbox 1237 2042 1344 2119; x_wconf 89' lang='lat' dir='ltr'>rebus,</span> <span class='ocrx_word' id='word_1_152' title='bbox 1370 2042 1411 2103; x_wconf 90' lang='lat' dir='ltr'>de</span> <span class='ocrx_word' id='word_1_153' title='bbox 1439 2038 1558 2118; x_wconf 92' lang='lat' dir='ltr'>quibus</span> 
     </span>
     <span class='ocr_line' id='line_1_17' title="bbox 225 2142 1558 2227; baseline -0.005 -13"><span class='ocrx_word' id='word_1_154' title='bbox 225 2167 294 2214; x_wconf 89' lang='lat' dir='ltr'>sum</span> <span class='ocrx_word' id='word_1_155' title='bbox 318 2150 528 2227; x_wconf 86' lang='lat' dir='ltr'>disserturus,</span> <span class='ocrx_word' id='word_1_156' title='bbox 554 2144 735 2213; x_wconf 85' lang='lat' dir='ltr'>consentire</span> <span class='ocrx_word' id='word_1_157' title='bbox 757 2166 808 2212; x_wconf 91' lang='lat' dir='ltr'>me</span> <span class='ocrx_word' id='word_1_158' title='bbox 831 2144 1053 2212; x_wconf 85' lang='lat' dir='ltr'>lubentissime</span> <span class='ocrx_word' id='word_1_159' title='bbox 1092 2148 1168 2227; x_wconf 85' lang='lat' dir='ltr'>ridi;</span> <span class='ocrx_word' id='word_1_160' title='bbox 1193 2154 1218 2211; x_wconf 86' lang='lat' dir='ltr'>sl</span> <span class='ocrx_word' id='word_1_161' title='bbox 1252 2152 1284 2210; x_wconf 92' lang='lat' dir='ltr'>ln</span> <span class='ocrx_word' id='word_1_162' title='bbox 1316 2142 1480 2211; x_wconf 88' lang='lat' dir='ltr'>nonnullis</span> <span class='ocrx_word' id='word_1_163' title='bbox 1519 2161 1558 2208; x_wconf 89' lang='lat' dir='ltr'>ex</span> 
     </span>
     <span class='ocr_line' id='line_1_18' title="bbox 225 2248 1555 2340; baseline -0.004 -19"><span class='ocrx_word' id='word_1_164' title='bbox 225 2275 296 2324; x_wconf 91' lang='lat' dir='ltr'>mea</span> <span class='ocrx_word' id='word_1_165' title='bbox 319 2253 535 2340; x_wconf 88' lang='lat' dir='ltr'>disputatione</span> <span class='ocrx_word' id='word_1_166' title='bbox 569 2272 652 2335; x_wconf 90' lang='lat' dir='ltr'>quae</span> <span class='ocrx_word' id='word_1_167' title='bbox 690 2252 874 2320; x_wconf 86' lang='lat' dir='ltr'>efficiuntur</span> <span class='ocrx_word' id='word_1_168' title='bbox 907 2256 1035 2322; x_wconf 87' lang='lat' dir='ltr'>diversa</span> <span class='ocrx_word' id='word_1_169' title='bbox 1063 2257 1139 2318; x_wconf 89' lang='lat' dir='ltr'>sunt</span> <span class='ocrx_word' id='word_1_170' title='bbox 1175 2258 1218 2319; x_wconf 91' lang='lat' dir='ltr'>ab</span> <span class='ocrx_word' id='word_1_171' title='bbox 1255 2255 1350 2318; x_wconf 91' lang='lat' dir='ltr'>huius</span> <span class='ocrx_word' id='word_1_172' title='bbox 1382 2248 1555 2329; x_wconf 86' lang='lat' dir='ltr'>sententia,</span> 
     </span>
     <span class='ocr_line' id='line_1_19' title="bbox 224 2356 1609 2449; baseline -0.005 -21"><span class='ocrx_word' id='word_1_173' title='bbox 224 2382 306 2449; x_wconf 89' lang='lat' dir='ltr'>pace</span> <span class='ocrx_word' id='word_1_174' title='bbox 328 2361 361 2428; x_wconf 91' lang='lat' dir='ltr'>id</span> <span class='ocrx_word' id='word_1_175' title='bbox 385 2361 446 2426; x_wconf 88' lang='lat' dir='ltr'>fiat</span> <span class='ocrx_word' id='word_1_176' title='bbox 468 2359 608 2427; x_wconf 83' lang='lat' dir='ltr'>hominis</span> <span class='ocrx_word' id='word_1_177' title='bbox 631 2359 808 2430; x_wconf 88' lang='lat' dir='ltr'>doctissimi</span> <span class='ocrx_word' id='word_1_178' title='bbox 832 2368 932 2443; x_wconf 89' lang='lat' dir='ltr'>atque</span> <span class='ocrx_word' id='word_1_179' title='bbox 955 2364 995 2427; x_wconf 91' lang='grc'>(11</span> <span class='ocrx_word' id='word_1_180' title='bbox 1018 2363 1078 2427; x_wconf 92' lang='lat' dir='ltr'>hac</span> <span class='ocrx_word' id='word_1_181' title='bbox 1101 2358 1272 2443; x_wconf 89' lang='lat' dir='ltr'>disciplina</span> <span class='ocrx_word' id='word_1_182' title='bbox 1295 2367 1413 2444; x_wconf 86' lang='lat' dir='ltr'>optime</span> <span class='ocrx_word' id='word_1_183' title='bbox 1436 2356 1555 2424; x_wconf 91' lang='lat' dir='ltr'>meriti.</span> <span class='ocrx_word' id='word_1_184' title='bbox 1607 2375 1609 2384; x_wconf 72' lang='grc'>’</span> 
     </span>
    </p>
   </div>
   <div class='ocr_carea' id='block_1_5' title="bbox 226 2466 1688 2547">
    <p class='ocr_par' dir='ltr' id='par_1_5' title="bbox 226 2466 1688 2547">
     <span class='ocr_line' id='line_1_20' title="bbox 226 2466 1688 2547; baseline -0.004 -14"><span class='ocrx_word' id='word_1_185' title='bbox 226 2466 271 2535; x_wconf 85' lang='lat' dir='ltr'>St.</span> <span class='ocrx_word' id='word_1_186' title='bbox 299 2468 438 2532; x_wconf 87' lang='lat' dir='ltr'>Fellneri</span> <span class='ocrx_word' id='word_1_187' title='bbox 461 2485 589 2547; x_wconf 89' lang='lat' dir='ltr'>quoque</span> <span class='ocrx_word' id='word_1_188' title='bbox 614 2474 909 2532; x_wconf 86' lang='lat' dir='ltr'>commentationem</span> <span class='ocrx_word' id='word_1_189' title='bbox 934 2469 974 2532; x_wconf 91' lang='lat' dir='ltr'>de</span> <span class='ocrx_word' id='word_1_190' title='bbox 998 2485 1078 2532; x_wconf 91' lang='lat' dir='ltr'>arcu</span> <span class='ocrx_word' id='word_1_191' title='bbox 1112 2470 1290 2544; x_wconf 88' lang='lat' dir='ltr'>Homerico,</span> <span class='ocrx_word' id='word_1_192' title='bbox 1315 2483 1400 2546; x_wconf 85' lang='lat' dir='ltr'>quae</span> <span class='ocrx_word' id='word_1_193' title='bbox 1425 2466 1558 2530; x_wconf 84' lang='lat' dir='ltr'>Annali·</span> <span class='ocrx_word' id='word_1_194' title='bbox 1684 2512 1688 2527; x_wconf 83' lang='grc'><strong><em>,</em></strong></span> 
     </span>
    </p>
   </div>
   <div class='ocr_carea' id='block_1_6' title="bbox 154 2567 1559 3729">
    <p class='ocr_par' dir='ltr' id='par_1_6' title="bbox 225 2567 1559 2974">
     <span class='ocr_line' id='line_1_21' title="bbox 227 2567 1559 2658; baseline -0.002 -20"><span class='ocrx_word' id='word_1_195' title='bbox 227 2576 286 2638; x_wconf 90' lang='lat' dir='ltr'>bus</span> <span class='ocrx_word' id='word_1_196' title='bbox 305 2581 543 2658; x_wconf 78' lang='lat' dir='ltr'>gymnasiorum</span> <span class='ocrx_word' id='word_1_197' title='bbox 568 2578 812 2642; x_wconf 69' lang='lat' dir='ltr'>austriacorum</span> <span class='ocrx_word' id='word_1_198' title='bbox 846 2591 876 2638; x_wconf 87' lang='lat' dir='ltr'>a.</span> <span class='ocrx_word' id='word_1_199' title='bbox 905 2573 1138 2643; x_wconf 80' lang='lat' dir='ltr'>MDCCCXOV</span> <span class='ocrx_word' id='word_1_200' title='bbox 1161 2576 1245 2639; x_wconf 88' lang='lat' dir='ltr'>inest</span> <span class='ocrx_word' id='word_1_201' title='bbox 1267 2596 1286 2642; x_wconf 91' lang='lat' dir='ltr'>a</span> <span class='ocrx_word' id='word_1_202' title='bbox 1309 2591 1342 2654; x_wconf 92' lang='lat' dir='ltr'>p.</span> <span class='ocrx_word' id='word_1_203' title='bbox 1370 2567 1432 2640; x_wconf 82' lang='lat'><strong>19&#39;3</strong></span> <span class='ocrx_word' id='word_1_204' title='bbox 1457 2589 1559 2653; x_wconf 89' lang='lat' dir='ltr'>usque</span> 
     </span>
     <span class='ocr_line' id='line_1_22' title="bbox 226 2679 1556 2764; baseline -0.002 -18"><span class='ocrx_word' id='word_1_205' title='bbox 226 2683 269 2746; x_wconf 91' lang='lat' dir='ltr'>ad</span> <span class='ocrx_word' id='word_1_206' title='bbox 292 2702 323 2764; x_wconf 90' lang='lat' dir='ltr'>p.</span> <span class='ocrx_word' id='word_1_207' title='bbox 350 2685 423 2758; x_wconf 80' lang='lat'>208,</span> <span class='ocrx_word' id='word_1_208' title='bbox 448 2687 636 2763; x_wconf 91' lang='lat' dir='ltr'>priusquam</span> <span class='ocrx_word' id='word_1_209' title='bbox 660 2699 763 2746; x_wconf 89' lang='lat' dir='ltr'>meam</span> <span class='ocrx_word' id='word_1_210' title='bbox 787 2681 996 2758; x_wconf 82' lang='lat' dir='ltr'>absolverem,</span> <span class='ocrx_word' id='word_1_211' title='bbox 1024 2679 1169 2764; x_wconf 68' lang='lat' dir='ltr'>cognovi</span> <span class='ocrx_word' id='word_1_212' title='bbox 1193 2689 1246 2746; x_wconf 93' lang='lat' dir='ltr'>cul</span> <span class='ocrx_word' id='word_1_213' title='bbox 1270 2699 1389 2764; x_wconf 89' lang='lat' dir='ltr'>magna</span> <span class='ocrx_word' id='word_1_214' title='bbox 1413 2682 1486 2745; x_wconf 87' lang='lat' dir='ltr'>laus</span> <span class='ocrx_word' id='word_1_215' title='bbox 1501 2680 1556 2744; x_wconf 91' lang='lat' dir='ltr'>de-</span> 
     </span>
     <span class='ocr_line' id='line_1_23' title="bbox 225 2787 1558 2868; baseline -0.002 -16"><span class='ocrx_word' id='word_1_216' title='bbox 225 2789 332 2867; x_wconf 92' lang='lat' dir='ltr'>betur,</span> <span class='ocrx_word' id='word_1_217' title='bbox 356 2788 441 2868; x_wconf 91' lang='lat' dir='ltr'>quod</span> <span class='ocrx_word' id='word_1_218' title='bbox 466 2794 588 2868; x_wconf 88' lang='lat' dir='ltr'>primus</span> <span class='ocrx_word' id='word_1_219' title='bbox 612 2787 765 2852; x_wconf 87' lang='lat' dir='ltr'>usitatam</span> <span class='ocrx_word' id='word_1_220' title='bbox 789 2791 829 2852; x_wconf 91' lang='lat' dir='ltr'>de</span> <span class='ocrx_word' id='word_1_221' title='bbox 851 2806 930 2853; x_wconf 90' lang='lat' dir='ltr'>arcu</span> <span class='ocrx_word' id='word_1_222' title='bbox 954 2787 1133 2853; x_wconf 90' lang='lat' dir='ltr'>Pandarico</span> <span class='ocrx_word' id='word_1_223' title='bbox 1147 2789 1340 2854; x_wconf 86' lang='lat' dir='ltr'>sententiam</span> <span class='ocrx_word' id='word_1_224' title='bbox 1357 2787 1475 2854; x_wconf 83' lang='lat' dir='ltr'>falsam</span> <span class='ocrx_word' id='word_1_225' title='bbox 1489 2803 1558 2853; x_wconf 88' lang='lat' dir='ltr'>esse</span> 
     </span>
     <span class='ocr_line' id='line_1_24' title="bbox 226 2892 748 2974; baseline 0.004 -14"><span class='ocrx_word' id='word_1_226' title='bbox 226 2892 320 2960; x_wconf 83' lang='lat' dir='ltr'>ericii</span> <span class='ocrx_word' id='word_1_227' title='bbox 343 2895 494 2974; x_wconf 88' lang='lat' dir='ltr'>recteque</span> <span class='ocrx_word' id='word_1_228' title='bbox 516 2895 556 2957; x_wconf 93' lang='lat' dir='ltr'>de</span> <span class='ocrx_word' id='word_1_229' title='bbox 581 2911 617 2958; x_wconf 94' lang='lat' dir='ltr'>eo</span> <span class='ocrx_word' id='word_1_230' title='bbox 640 2903 748 2962; x_wconf 87' lang='lat' dir='ltr'>sensit.</span> 
     </span>
    </p>

    <p class='ocr_par' dir='ltr' id='par_1_7' title="bbox 154 2995 1558 3516">
     <span class='ocr_line' id='line_1_25' title="bbox 293 2995 1558 3085; baseline -0.003 -17"><span class='ocrx_word' id='word_1_231' title='bbox 293 2998 384 3069; x_wconf 79' lang='lat' dir='ltr'>Licet</span> <span class='ocrx_word' id='word_1_232' title='bbox 406 3000 515 3066; x_wconf 88' lang='lat' dir='ltr'>autem</span> <span class='ocrx_word' id='word_1_233' title='bbox 539 3004 625 3064; x_wconf 91' lang='lat' dir='ltr'>inter</span> <span class='ocrx_word' id='word_1_234' title='bbox 649 3002 805 3085; x_wconf 85' lang='lat' dir='ltr'>physicos,</span> <span class='ocrx_word' id='word_1_235' title='bbox 848 3019 932 3082; x_wconf 90' lang='lat' dir='ltr'>quae</span> <span class='ocrx_word' id='word_1_236' title='bbox 956 3009 1041 3065; x_wconf 91' lang='lat' dir='ltr'>ratio</span> <span class='ocrx_word' id='word_1_237' title='bbox 1079 2999 1258 3069; x_wconf 87' lang='lat' dir='ltr'>intercedat</span> <span class='ocrx_word' id='word_1_238' title='bbox 1281 3009 1368 3066; x_wconf 93' lang='lat' dir='ltr'>inter</span> <span class='ocrx_word' id='word_1_239' title='bbox 1391 2995 1484 3067; x_wconf 84' lang='lat' dir='ltr'>uaria</span> <span class='ocrx_word' id='word_1_240' title='bbox 1506 3003 1558 3065; x_wconf 82' lang='lat' dir='ltr'>rel</span> 
     </span>
     <span class='ocr_line' id='line_1_26' title="bbox 225 3106 1557 3198; baseline -0.002 -24"><span class='ocrx_word' id='word_1_241' title='bbox 225 3126 352 3192; x_wconf 89' lang='lat' dir='ltr'>genera</span> <span class='ocrx_word' id='word_1_242' title='bbox 378 3110 428 3173; x_wconf 84' lang='lat' dir='ltr'>vel</span> <span class='ocrx_word' id='word_1_243' title='bbox 455 3116 574 3188; x_wconf 88' lang='lat' dir='ltr'>species</span> <span class='ocrx_word' id='word_1_244' title='bbox 612 3110 726 3198; x_wconf 89' lang='lat' dir='ltr'>horum</span> <span class='ocrx_word' id='word_1_245' title='bbox 763 3106 964 3191; x_wconf 84' lang='lat' dir='ltr'>animalium,</span> <span class='ocrx_word' id='word_1_246' title='bbox 990 3112 1132 3174; x_wconf 92' lang='lat' dir='ltr'>nondum</span> <span class='ocrx_word' id='word_1_247' title='bbox 1165 3111 1244 3174; x_wconf 87' lang='lat' dir='ltr'>satis</span> <span class='ocrx_word' id='word_1_248' title='bbox 1282 3115 1460 3186; x_wconf 82' lang='lat' dir='ltr'>conueniat,</span> <span class='ocrx_word' id='word_1_249' title='bbox 1485 3124 1557 3172; x_wconf 90' lang='lat' dir='ltr'>cum</span> 
     </span>
     <span class='ocr_line' id='line_1_27' title="bbox 225 3213 1554 3299; baseline -0.002 -17"><span class='ocrx_word' id='word_1_250' title='bbox 225 3223 338 3282; x_wconf 85' lang='lat' dir='ltr'>variae</span> <span class='ocrx_word' id='word_1_251' title='bbox 360 3224 426 3281; x_wconf 89' lang='lat' dir='ltr'>sint</span> <span class='ocrx_word' id='word_1_252' title='bbox 464 3214 585 3299; x_wconf 73' lang='lat' dir='ltr'>species</span> <span class='ocrx_word' id='word_1_253' title='bbox 624 3215 727 3284; x_wconf 84' lang='lat' dir='ltr'>forma</span> <span class='ocrx_word' id='word_1_254' title='bbox 750 3226 848 3297; x_wconf 90' lang='lat' dir='ltr'>atque</span> <span class='ocrx_word' id='word_1_255' title='bbox 878 3219 1019 3282; x_wconf 87' lang='lat' dir='ltr'>moribus</span> <span class='ocrx_word' id='word_1_256' title='bbox 1052 3235 1116 3282; x_wconf 93' lang='lat' dir='ltr'>non</span> <span class='ocrx_word' id='word_1_257' title='bbox 1148 3215 1195 3282; x_wconf 87' lang='lat' dir='ltr'>ita</span> <span class='ocrx_word' id='word_1_258' title='bbox 1218 3213 1304 3282; x_wconf 90' lang='lat' dir='ltr'>inter</span> <span class='ocrx_word' id='word_1_259' title='bbox 1338 3235 1373 3283; x_wconf 91' lang='lat' dir='ltr'>se</span> <span class='ocrx_word' id='word_1_260' title='bbox 1396 3219 1554 3293; x_wconf 82' lang='lat' dir='ltr'>diversae,</span> 
     </span>
     <span class='ocr_line' id='line_1_28' title="bbox 154 3323 1557 3407; baseline -0.004 -16"><span class='ocrx_word' id='word_1_261' title='bbox 154 3374 158 3391; x_wconf 86' lang='lat'>.</span> <span class='ocrx_word' id='word_1_262' title='bbox 225 3333 334 3389; x_wconf 88' lang='lat' dir='ltr'>tamen</span> <span class='ocrx_word' id='word_1_263' title='bbox 357 3330 506 3388; x_wconf 84' lang='lat' dir='ltr'>universo</span> <span class='ocrx_word' id='word_1_264' title='bbox 530 3331 644 3407; x_wconf 86' lang='lat' dir='ltr'>generi</span> <span class='ocrx_word' id='word_1_265' title='bbox 667 3326 799 3391; x_wconf 85' lang='lat' dir='ltr'>auctore</span> <span class='ocrx_word' id='word_1_266' title='bbox 822 3323 969 3390; x_wconf 87' lang='lat' dir='ltr'>Gmelino</span> <span class='ocrx_word' id='word_1_267' title='bbox 995 3347 1013 3391; x_wconf 87' lang='lat' dir='ltr'>a</span> <span class='ocrx_word' id='word_1_268' title='bbox 1037 3324 1115 3388; x_wconf 85' lang='lat' dir='ltr'>viris</span> <span class='ocrx_word' id='word_1_269' title='bbox 1137 3327 1239 3389; x_wconf 90' lang='lat' dir='ltr'>doctis</span> <span class='ocrx_word' id='word_1_270' title='bbox 1267 3341 1380 3390; x_wconf 92' lang='lat' dir='ltr'>nomen</span> <span class='ocrx_word' id='word_1_271' title='bbox 1403 3343 1420 3389; x_wconf 91' lang='lat' dir='ltr'>e</span> <span class='ocrx_word' id='word_1_272' title='bbox 1445 3324 1557 3390; x_wconf 91' lang='lat' dir='ltr'>Babrli</span> 
     </span>
     <span class='ocr_line' id='line_1_29' title="bbox 223 3430 1293 3516; baseline 0.003 -20"><span class='ocrx_word' id='word_1_273' title='bbox 223 3431 290 3500; x_wconf 85' lang='lat' dir='ltr'>fab.</span> <span class='ocrx_word' id='word_1_274' title='bbox 315 3436 372 3502; x_wconf 81' lang='lat' dir='ltr'>cii</span> <span class='ocrx_word' id='word_1_275' title='bbox 397 3437 463 3497; x_wconf 82' lang='lat' dir='ltr'>u.9</span> <span class='ocrx_word' id='word_1_276' title='bbox 489 3434 689 3514; x_wconf 86' lang='lat' dir='ltr'>assumptum</span> <span class='ocrx_word' id='word_1_277' title='bbox 713 3451 831 3514; x_wconf 88' lang='lat' dir='ltr'>caprae</span> <span class='ocrx_word' id='word_1_278' title='bbox 855 3450 1000 3516; x_wconf 83' lang='lat' dir='ltr'>aegagro</span> <span class='ocrx_word' id='word_1_279' title='bbox 1024 3430 1207 3516; x_wconf 90' lang='lat' dir='ltr'>impositum</span> <span class='ocrx_word' id='word_1_280' title='bbox 1232 3435 1293 3500; x_wconf 90' lang='lat' dir='ltr'>est.</span> 
     </span>
    </p>

    <p class='ocr_par' dir='ltr' id='par_1_8' title="bbox 225 3538 1557 3729">
     <span class='ocr_line' id='line_1_30' title="bbox 293 3538 1557 3622; baseline -0.003 -20"><span class='ocrx_word' id='word_1_281' title='bbox 293 3538 437 3620; x_wconf 83' lang='lat' dir='ltr'>Quorum</span> <span class='ocrx_word' id='word_1_282' title='bbox 462 3555 524 3602; x_wconf 92' lang='lat' dir='ltr'>una</span> <span class='ocrx_word' id='word_1_283' title='bbox 548 3539 669 3618; x_wconf 80' lang='lat' dir='ltr'>&#39;species</span> <span class='ocrx_word' id='word_1_284' title='bbox 694 3557 795 3618; x_wconf 86' lang='lat' dir='ltr'>eaque</span> <span class='ocrx_word' id='word_1_285' title='bbox 835 3547 1001 3604; x_wconf 91' lang='lat' dir='ltr'>notissima</span> <span class='ocrx_word' id='word_1_286' title='bbox 1026 3546 1075 3604; x_wconf 87' lang='lat' dir='ltr'>est</span> <span class='ocrx_word' id='word_1_287' title='bbox 1097 3557 1196 3620; x_wconf 88' lang='lat' dir='ltr'>capra</span> <span class='ocrx_word' id='word_1_288' title='bbox 1222 3541 1270 3603; x_wconf 88' lang='lat' dir='ltr'>vel</span> <span class='ocrx_word' id='word_1_289' title='bbox 1294 3556 1460 3622; x_wconf 83' lang='lat' dir='ltr'>aegagrus</span> <span class='ocrx_word' id='word_1_290' title='bbox 1484 3538 1557 3602; x_wconf 84' lang='lat' dir='ltr'>ibex</span> 
     </span>
     <span class='ocr_line' id='line_1_31' title="bbox 225 3644 1554 3729; baseline 0.002 -20"><span class='ocrx_word' id='word_1_291' title='bbox 225 3646 375 3729; x_wconf 83' lang='lat' dir='ltr'>Alpinus,</span> <span class='ocrx_word' id='word_1_292' title='bbox 402 3664 495 3726; x_wconf 88' lang='lat' dir='ltr'>quein</span> <span class='ocrx_word' id='word_1_293' title='bbox 520 3664 618 3711; x_wconf 90' lang='lat' dir='ltr'>unum</span> <span class='ocrx_word' id='word_1_294' title='bbox 644 3644 770 3713; x_wconf 91' lang='lat' dir='ltr'>Plinius</span> <span class='ocrx_word' id='word_1_295' title='bbox 793 3655 882 3711; x_wconf 87' lang='lat' dir='ltr'>norit</span> <span class='ocrx_word' id='word_1_296' title='bbox 904 3647 978 3712; x_wconf 90' lang='lat' dir='ltr'>Nat.</span> <span class='ocrx_word' id='word_1_297' title='bbox 1018 3648 1103 3714; x_wconf 88' lang='lat' dir='ltr'>Hist.</span> <span class='ocrx_word' id='word_1_298' title='bbox 1133 3649 1154 3711; x_wconf 90' lang='lat' dir='ltr'>l.</span> <span class='ocrx_word' id='word_1_299' title='bbox 1184 3649 1274 3727; x_wconf 85' lang='lat' dir='ltr'>vlit,</span> <span class='ocrx_word' id='word_1_300' title='bbox 1298 3666 1327 3714; x_wconf 92' lang='lat' dir='ltr'>c.</span> <span class='ocrx_word' id='word_1_301' title='bbox 1355 3653 1406 3725; x_wconf 81' lang='lat' dir='ltr'>oi,</span> <span class='ocrx_word' id='word_1_302' title='bbox 1434 3646 1452 3729; x_wconf 74' lang='grc' dir='ltr'>ξ</span> <span class='ocrx_word' id='word_1_303' title='bbox 1479 3653 1554 3722; x_wconf 78' lang='lat' dir='ltr'>iai,</span> 
     </span>
    </p>
   </div>
   <div class='ocr_carea' id='block_1_7' title="bbox 226 3744 1653 3835">
    <p class='ocr_par' dir='ltr' id='par_1_9' title="bbox 226 3744 1653 3835">
     <span class='ocr_line' id='line_1_32' title="bbox 226 3744 1653 3835; baseline 0.001 -20"><span class='ocrx_word' id='word_1_304' title='bbox 226 3754 266 3816; x_wconf 92' lang='grc'>(11</span> <span class='ocrx_word' id='word_1_305' title='bbox 290 3770 352 3832; x_wconf 90' lang='lat' dir='ltr'>quo</span> <span class='ocrx_word' id='word_1_306' title='bbox 375 3754 552 3818; x_wconf 88' lang='lat' dir='ltr'>luculentis</span> <span class='ocrx_word' id='word_1_307' title='bbox 578 3754 685 3821; x_wconf 86' lang='lat' dir='ltr'>verbis</span> <span class='ocrx_word' id='word_1_308' title='bbox 709 3753 763 3818; x_wconf 89' lang='lat' dir='ltr'>Fr.</span> <span class='ocrx_word' id='word_1_309' title='bbox 788 3755 828 3820; x_wconf 92' lang='lat' dir='ltr'>de</span> <span class='ocrx_word' id='word_1_310' title='bbox 851 3753 994 3821; x_wconf 80' lang='lat' dir='ltr'>&#39;leobadi</span> <span class='ocrx_word' id='word_1_311' title='bbox 1017 3756 1162 3835; x_wconf 90' lang='lat' dir='ltr'>disputat</span> <span class='ocrx_word' id='word_1_312' title='bbox 1187 3763 1219 3819; x_wconf 92' lang='lat' dir='ltr'>in</span> <span class='ocrx_word' id='word_1_313' title='bbox 1242 3756 1337 3832; x_wconf 83' lang='lat' dir='ltr'>libro,</span> <span class='ocrx_word' id='word_1_314' title='bbox 1365 3753 1421 3834; x_wconf 93' lang='lat' dir='ltr'>qui</span> <span class='ocrx_word' id='word_1_315' title='bbox 1443 3750 1557 3817; x_wconf 87' lang='lat' dir='ltr'>inscri-</span> <span class='ocrx_word' id='word_1_316' title='bbox 1646 3744 1653 3768; x_wconf 77' lang='lat'>⁸</span> 
     </span>
    </p>
   </div>
   <div class='ocr_carea' id='block_1_8' title="bbox 223 3854 1557 4693">
    <p class='ocr_par' dir='ltr' id='par_1_10' title="bbox 223 3854 1557 4157">
     <span class='ocr_line' id='line_1_33' title="bbox 226 3854 1557 3941; baseline 0.001 -19"><span class='ocrx_word' id='word_1_317' title='bbox 226 3854 315 3922; x_wconf 90' lang='lat' dir='ltr'>bitur</span> <span class='ocrx_word' id='word_1_318' title='bbox 338 3856 508 3925; x_wconf 82' lang='lat' dir='ltr'>Tierleben</span> <span class='ocrx_word' id='word_1_319' title='bbox 546 3861 605 3923; x_wconf 91' lang='lat' dir='ltr'>der</span> <span class='ocrx_word' id='word_1_320' title='bbox 639 3860 830 3941; x_wconf 81' lang='lat' dir='ltr'>Alpenwelt,</span> <span class='ocrx_word' id='word_1_321' title='bbox 865 3878 970 3941; x_wconf 86' lang='lat' dir='ltr'>nuper</span> <span class='ocrx_word' id='word_1_322' title='bbox 1007 3862 1102 3926; x_wconf 88' lang='lat' dir='ltr'>etiam</span> <span class='ocrx_word' id='word_1_323' title='bbox 1127 3861 1180 3928; x_wconf 74' lang='lat' dir='ltr'>lli.</span> <span class='ocrx_word' id='word_1_324' title='bbox 1205 3859 1240 3926; x_wconf 82' lang='lat' dir='ltr'>d.</span> <span class='ocrx_word' id='word_1_325' title='bbox 1267 3862 1379 3926; x_wconf 85' lang='lat' dir='ltr'>Keller</span> <span class='ocrx_word' id='word_1_326' title='bbox 1404 3868 1437 3925; x_wconf 94' lang='lat' dir='ltr'>in</span> <span class='ocrx_word' id='word_1_327' title='bbox 1461 3861 1557 3927; x_wconf 92' lang='lat' dir='ltr'>Dom-</span> 
     </span>
     <span class='ocr_line' id='line_1_34' title="bbox 225 3961 1557 4048; baseline 0.002 -20"><span class='ocrx_word' id='word_1_328' title='bbox 225 3962 363 4030; x_wconf 89' lang='lat' dir='ltr'>brorscii</span> <span class='ocrx_word' id='word_1_329' title='bbox 386 3961 646 4048; x_wconf 81' lang='lat' dir='ltr'>Encyclopaedia</span> <span class='ocrx_word' id='word_1_330' title='bbox 670 3973 822 4044; x_wconf 90' lang='lat' dir='ltr'>omnium,</span> <span class='ocrx_word' id='word_1_331' title='bbox 847 3984 929 4046; x_wconf 90' lang='lat' dir='ltr'>quae</span> <span class='ocrx_word' id='word_1_332' title='bbox 953 3968 993 4030; x_wconf 92' lang='lat' dir='ltr'>ad</span> <span class='ocrx_word' id='word_1_333' title='bbox 1018 3967 1181 4032; x_wconf 87' lang='lat' dir='ltr'>culturam</span> <span class='ocrx_word' id='word_1_334' title='bbox 1205 3970 1360 4034; x_wconf 84' lang='lat' dir='ltr'>silvarum</span> <span class='ocrx_word' id='word_1_335' title='bbox 1384 3969 1557 4030; x_wconf 79' lang='grc'><strong>111111-</strong></span> 
     </span>
     <span class='ocr_line' id='line_1_35' title="bbox 223 4068 1237 4157; baseline 0.008 -23"><span class='ocrx_word' id='word_1_336' title='bbox 223 4068 371 4136; x_wconf 84' lang='lat' dir='ltr'>nationes</span> <span class='ocrx_word' id='word_1_337' title='bbox 394 4075 559 4153; x_wconf 91' lang='lat' dir='ltr'>pertinent</span> <span class='ocrx_word' id='word_1_338' title='bbox 581 4071 824 4157; x_wconf 86' lang='lat' dir='ltr'>disciplinarum</span> <span class='ocrx_word' id='word_1_339' title='bbox 849 4074 912 4141; x_wconf 82' lang='lat' dir='ltr'>rol.</span> <span class='ocrx_word' id='word_1_340' title='bbox 931 4076 993 4141; x_wconf 91' lang='lat' dir='ltr'>VII</span> <span class='ocrx_word' id='word_1_341' title='bbox 1017 4092 1049 4155; x_wconf 92' lang='lat' dir='ltr'>p.</span> <span class='ocrx_word' id='word_1_342' title='bbox 1078 4079 1140 4141; x_wconf 82' lang='lat'>346</span> <span class='ocrx_word' id='word_1_343' title='bbox 1169 4093 1237 4155; x_wconf 87' lang='lat' dir='ltr'>sqq.</span> 
     </span>
    </p>

    <p class='ocr_par' dir='ltr' id='par_1_11' title="bbox 223 4179 1557 4482">
     <span class='ocr_line' id='line_1_36' title="bbox 293 4179 1554 4264; baseline 0.001 -21"><span class='ocrx_word' id='word_1_344' title='bbox 293 4179 410 4256; x_wconf 84' lang='lat' dir='ltr'>Altera</span> <span class='ocrx_word' id='word_1_345' title='bbox 432 4186 555 4261; x_wconf 88' lang='lat' dir='ltr'>species</span> <span class='ocrx_word' id='word_1_346' title='bbox 577 4187 626 4243; x_wconf 90' lang='lat' dir='ltr'>est</span> <span class='ocrx_word' id='word_1_347' title='bbox 649 4197 816 4263; x_wconf 87' lang='lat' dir='ltr'>aegagrus</span> <span class='ocrx_word' id='word_1_348' title='bbox 855 4181 906 4244; x_wconf 84' lang='lat' dir='ltr'>vel</span> <span class='ocrx_word' id='word_1_349' title='bbox 942 4197 1113 4264; x_wconf 90' lang='lat' dir='ltr'>aegoceros</span> <span class='ocrx_word' id='word_1_350' title='bbox 1136 4180 1334 4264; x_wconf 81' lang='lat' dir='ltr'>Pyrenaicus</span> <span class='ocrx_word' id='word_1_351' title='bbox 1357 4199 1381 4244; x_wconf 89' lang='lat' dir='ltr'>s.</span> <span class='ocrx_word' id='word_1_352' title='bbox 1406 4181 1554 4261; x_wconf 88' lang='lat' dir='ltr'>Hispani-</span> 
     </span>
     <span class='ocr_line' id='line_1_37' title="bbox 223 4283 1557 4363; baseline -0.001 -10"><span class='ocrx_word' id='word_1_353' title='bbox 223 4304 291 4363; x_wconf 79' lang='lat' dir='ltr'>que,</span> <span class='ocrx_word' id='word_1_354' title='bbox 317 4293 410 4350; x_wconf 91' lang='lat' dir='ltr'>cuius</span> <span class='ocrx_word' id='word_1_355' title='bbox 435 4303 536 4350; x_wconf 91' lang='lat' dir='ltr'>mores</span> <span class='ocrx_word' id='word_1_356' title='bbox 560 4287 592 4350; x_wconf 85' lang='lat' dir='ltr'>et</span> <span class='ocrx_word' id='word_1_357' title='bbox 616 4283 712 4352; x_wconf 87' lang='lat' dir='ltr'>uitam</span> <span class='ocrx_word' id='word_1_358' title='bbox 737 4288 776 4352; x_wconf 84' lang='lat' dir='ltr'>R.</span> <span class='ocrx_word' id='word_1_359' title='bbox 801 4287 918 4352; x_wconf 89' lang='lat' dir='ltr'>Brehm</span> <span class='ocrx_word' id='word_1_360' title='bbox 942 4284 1099 4352; x_wconf 89' lang='lat' dir='ltr'>describit</span> <span class='ocrx_word' id='word_1_361' title='bbox 1123 4289 1155 4350; x_wconf 89' lang='lat' dir='ltr'>in</span> <span class='ocrx_word' id='word_1_362' title='bbox 1182 4284 1308 4353; x_wconf 83' lang='lat' dir='ltr'>Allredl</span> <span class='ocrx_word' id='word_1_363' title='bbox 1331 4287 1446 4354; x_wconf 86' lang='lat' dir='ltr'>fratris</span> <span class='ocrx_word' id='word_1_364' title='bbox 1470 4284 1557 4352; x_wconf 91' lang='lat' dir='ltr'>libro</span> 
     </span>
     <span class='ocr_line' id='line_1_38' title="bbox 223 4390 1321 4482; baseline 0.004 -24"><span class='ocrx_word' id='word_1_365' title='bbox 223 4399 280 4477; x_wconf 91' lang='lat' dir='ltr'>qui</span> <span class='ocrx_word' id='word_1_366' title='bbox 304 4390 491 4458; x_wconf 88' lang='lat' dir='ltr'>inscribitur</span> <span class='ocrx_word' id='word_1_367' title='bbox 514 4391 686 4482; x_wconf 80' lang='lat' dir='ltr'>Tierleben</span> <span class='ocrx_word' id='word_1_368' title='bbox 710 4397 773 4459; x_wconf 84' lang='lat' dir='ltr'>rol.</span> <span class='ocrx_word' id='word_1_369' title='bbox 798 4393 846 4457; x_wconf 88' lang='grc' dir='ltr'>ΙΙΙ</span> <span class='ocrx_word' id='word_1_370' title='bbox 871 4395 923 4460; x_wconf 93' lang='lat' dir='ltr'>cd.</span> <span class='ocrx_word' id='word_1_371' title='bbox 947 4395 1075 4474; x_wconf 87' lang='lat' dir='ltr'>tertiae,</span> <span class='ocrx_word' id='word_1_372' title='bbox 1103 4413 1134 4475; x_wconf 91' lang='lat' dir='ltr'>p.</span> <span class='ocrx_word' id='word_1_373' title='bbox 1161 4402 1223 4464; x_wconf 87' lang='lat'>185</span> <span class='ocrx_word' id='word_1_374' title='bbox 1249 4413 1321 4476; x_wconf 91' lang='lat' dir='ltr'>sqq.</span> 
     </span>
    </p>

    <p class='ocr_par' dir='ltr' id='par_1_12' title="bbox 224 4497 1557 4693">
     <span class='ocr_line' id='line_1_39' title="bbox 291 4497 1557 4582; baseline 0 -16"><span class='ocrx_word' id='word_1_375' title='bbox 291 4502 418 4566; x_wconf 88' lang='lat' dir='ltr'>Deinde</span> <span class='ocrx_word' id='word_1_376' title='bbox 448 4518 486 4564; x_wconf 85' lang='lat' dir='ltr'>ex</span> <span class='ocrx_word' id='word_1_377' title='bbox 511 4497 656 4581; x_wconf 86' lang='lat' dir='ltr'>reliquis,</span> <span class='ocrx_word' id='word_1_378' title='bbox 683 4508 894 4581; x_wconf 86' lang='lat' dir='ltr'>nequeenim</span> <span class='ocrx_word' id='word_1_379' title='bbox 918 4519 1026 4566; x_wconf 92' lang='lat' dir='ltr'>omnes</span> <span class='ocrx_word' id='word_1_380' title='bbox 1050 4505 1281 4567; x_wconf 89' lang='lat' dir='ltr'>enumerandos</span> <span class='ocrx_word' id='word_1_381' title='bbox 1305 4510 1395 4582; x_wconf 86' lang='lat' dir='ltr'>puto,</span> <span class='ocrx_word' id='word_1_382' title='bbox 1421 4519 1557 4566; x_wconf 92' lang='lat' dir='ltr'>comme-</span> 
     </span>
     <span class='ocr_line' id='line_1_40' title="bbox 224 4605 1554 4693; baseline 0.003 -19"><span class='ocrx_word' id='word_1_383' title='bbox 224 4609 372 4674; x_wconf 89' lang='lat' dir='ltr'>morandi</span> <span class='ocrx_word' id='word_1_384' title='bbox 396 4625 562 4691; x_wconf 85' lang='lat' dir='ltr'>aegagrus</span> <span class='ocrx_word' id='word_1_385' title='bbox 585 4605 792 4690; x_wconf 81' lang='lat' dir='ltr'>dancasicus,</span> <span class='ocrx_word' id='word_1_386' title='bbox 816 4625 980 4692; x_wconf 85' lang='lat' dir='ltr'>aegagrus</span> <span class='ocrx_word' id='word_1_387' title='bbox 1014 4606 1159 4689; x_wconf 90' lang='lat' dir='ltr'>Pallasil‚</span> <span class='ocrx_word' id='word_1_388' title='bbox 1187 4627 1353 4693; x_wconf 87' lang='lat' dir='ltr'>aegagrus</span> <span class='ocrx_word' id='word_1_389' title='bbox 1376 4605 1554 4678; x_wconf 87' lang='lat' dir='ltr'>Sibiricus.</span> 
     </span>
    </p>
   </div>
   <div class='ocr_carea' id='block_1_9' title="bbox 0 0 1796 5328">
    <p class='ocr_par' dir='ltr' id='par_1_13' title="bbox 0 0 1796 5328">
     <span class='ocr_line' id='line_1_41' title="bbox 0 0 1796 5328; baseline 0 0"><span class='ocrx_word' id='word_1_390' title='bbox 0 0 1796 5328; x_wconf 95' lang='lat' dir='ltr'> </span> 
     </span>
    </p>
   </div>
  </div>
 </body>
</html>
