<?xml version="1.0" encoding="UTF-8"?>
<!DOCTYPE html PUBLIC "-//W3C//DTD XHTML 1.0 Transitional//EN"
    "http://www.w3.org/TR/xhtml1/DTD/xhtml1-transitional.dtd">
<html xmlns="http://www.w3.org/1999/xhtml" xml:lang="en" lang="en">
 <head>
  <title>
</title>
<meta http-equiv="Content-Type" content="text/html;charset=utf-8" />
  <meta name='ocr-system' content='tesseract 3.04.00' />
  <meta name='ocr-capabilities' content='ocr_page ocr_carea ocr_par ocr_line ocrx_word'/>
</head>
<body>
  <div class='ocr_page' id='page_1' title='image "./depandarovenato00schmgoog_0016.png"; bbox 0 0 3584 5328; ppageno 0'>
   <div class='ocr_carea' id='block_1_1' title="bbox 195 319 1533 1774">
    <p class='ocr_par' dir='ltr' id='par_1_1' title="bbox 757 319 969 485">
     <span class='ocr_line' id='line_1_1' title="bbox 757 319 969 386; baseline 0.009 -26"><span class='ocrx_word' id='word_1_1' title='bbox 757 349 808 360; x_wconf 66' lang='lat'>„-</span> <span class='ocrx_word' id='word_1_2' title='bbox 841 319 885 386; x_wconf 69' lang='lat'>11</span> <span class='ocrx_word' id='word_1_3' title='bbox 917 349 969 362; x_wconf 83' lang='grc'>.-</span> 
     </span>
     <span class='ocr_line' id='line_1_2' title="bbox 924 449 948 485; baseline 0 0"><span class='ocrx_word' id='word_1_4' title='bbox 924 449 948 485; x_wconf 75' lang='grc'>11</span> 
     </span>
    </p>

    <p class='ocr_par' dir='ltr' id='par_1_2' title="bbox 197 489 1533 1235">
     <span class='ocr_line' id='line_1_3' title="bbox 198 489 1533 592; baseline -0.007 -20"><span class='ocrx_word' id='word_1_5' title='bbox 198 489 287 582; x_wconf 56' lang='lat' dir='ltr'>rei..⁸</span> <span class='ocrx_word' id='word_1_6' title='bbox 319 513 378 575; x_wconf 90' lang='lat' dir='ltr'>boc</span> <span class='ocrx_word' id='word_1_7' title='bbox 402 519 484 578; x_wconf 89' lang='lat' dir='ltr'>enim</span> <span class='ocrx_word' id='word_1_8' title='bbox 524 513 688 576; x_wconf 90' lang='lat' dir='ltr'>adunam</span> <span class='ocrx_word' id='word_1_9' title='bbox 728 527 854 575; x_wconf 88' lang='lat' dir='ltr'>cervam</span> <span class='ocrx_word' id='word_1_10' title='bbox 879 509 1032 592; x_wconf 80' lang='lat' dir='ltr'>pertinet,</span> <span class='ocrx_word' id='word_1_11' title='bbox 1073 523 1157 587; x_wconf 89' lang='lat' dir='ltr'>quae</span> <span class='ocrx_word' id='word_1_12' title='bbox 1179 512 1273 588; x_wconf 86' lang='lat' dir='ltr'>gravi</span> <span class='ocrx_word' id='word_1_13' title='bbox 1302 507 1438 570; x_wconf 89' lang='lat' dir='ltr'>vulnere</span> <span class='ocrx_word' id='word_1_14' title='bbox 1461 507 1533 570; x_wconf 79' lang='lat' dir='ltr'>icta,</span> 
     </span>
     <span class='ocr_line' id='line_1_4' title="bbox 197 605 1527 702; baseline -0.004 -18"><span class='ocrx_word' id='word_1_15' title='bbox 197 620 305 688; x_wconf 85' lang='lat' dir='ltr'>tamen</span> <span class='ocrx_word' id='word_1_16' title='bbox 343 616 460 702; x_wconf 85' lang='lat' dir='ltr'>effugit</span> <span class='ocrx_word' id='word_1_17' title='bbox 483 621 644 702; x_wconf 84' lang='lat' dir='ltr'>longeque</span> <span class='ocrx_word' id='word_1_18' title='bbox 683 619 725 683; x_wconf 92' lang='lat' dir='ltr'>ab</span> <span class='ocrx_word' id='word_1_19' title='bbox 749 619 889 695; x_wconf 89' lang='grc'><strong>611111,</strong></span> <span class='ocrx_word' id='word_1_20' title='bbox 931 619 987 680; x_wconf 90' lang='lat' dir='ltr'>ubi</span> <span class='ocrx_word' id='word_1_21' title='bbox 1011 619 1144 680; x_wconf 88' lang='lat' dir='ltr'>venator</span> <span class='ocrx_word' id='word_1_22' title='bbox 1173 631 1242 678; x_wconf 88' lang='lat' dir='ltr'>eam</span> <span class='ocrx_word' id='word_1_23' title='bbox 1265 605 1439 695; x_wconf 73' lang='lat' dir='ltr'>percussit,</span> <span class='ocrx_word' id='word_1_24' title='bbox 1463 633 1527 679; x_wconf 92' lang='lat' dir='ltr'>mo-</span> 
     </span>
     <span class='ocr_line' id='line_1_5' title="bbox 198 719 1526 810; baseline -0.007 -20"><span class='ocrx_word' id='word_1_25' title='bbox 198 724 292 790; x_wconf 89' lang='lat' dir='ltr'>ritur.</span> <span class='ocrx_word' id='word_1_26' title='bbox 318 727 456 810; x_wconf 77' lang='lat' dir='ltr'>Quintus</span> <span class='ocrx_word' id='word_1_27' title='bbox 480 742 604 805; x_wconf 90' lang='lat' dir='ltr'>quoque</span> <span class='ocrx_word' id='word_1_28' title='bbox 628 723 825 808; x_wconf 79' lang='lat' dir='ltr'>Smyrnaeus</span> <span class='ocrx_word' id='word_1_29' title='bbox 848 723 1008 788; x_wconf 65' lang='lat' dir='ltr'>Posthcm,</span> <span class='ocrx_word' id='word_1_30' title='bbox 1033 723 1054 787; x_wconf 93' lang='lat' dir='ltr'>l.</span> <span class='ocrx_word' id='word_1_31' title='bbox 1079 723 1127 788; x_wconf 88' lang='lat' dir='ltr'>XI</span> <span class='ocrx_word' id='word_1_32' title='bbox 1152 740 1180 785; x_wconf 91' lang='lat' dir='ltr'>v.</span> <span class='ocrx_word' id='word_1_33' title='bbox 1196 725 1271 787; x_wconf 20' lang='lat'>*483</span> <span class='ocrx_word' id='word_1_34' title='bbox 1305 719 1319 781; x_wconf 87' lang='grc' dir='ltr'>ὃ</span> <span class='ocrx_word' id='word_1_35' title='bbox 1344 720 1370 782; x_wconf 80' lang='grc' dir='ltr'>δ’</span> <span class='ocrx_word' id='word_1_36' title='bbox 1395 719 1526 805; x_wconf 65' lang='lat' dir='ltr'>trutp-</span> 
     </span>
     <span class='ocr_line' id='line_1_6' title="bbox 197 821 1529 918; baseline -0.002 -24"><span class='ocrx_word' id='word_1_37' title='bbox 197 855 275 918; x_wconf 66' lang='lat' dir='ltr'>qevo,</span> <span class='ocrx_word' id='word_1_38' title='bbox 299 830 417 914; x_wconf 83' lang='lat' dir='ltr'>inquit,</span> <span class='ocrx_word' id='word_1_39' title='bbox 452 829 641 915; x_wconf 74' lang='lat' dir='ltr'>xerq&#39;pcuev‚·</span> <span class='ocrx_word' id='word_1_40' title='bbox 668 823 730 892; x_wconf 79' lang='grc' dir='ltr'>εὖτ’</span> <span class='ocrx_word' id='word_1_41' title='bbox 755 826 811 892; x_wconf 86' lang='grc' dir='ltr'>ἀπὸ</span> <span class='ocrx_word' id='word_1_42' title='bbox 836 828 951 913; x_wconf 81' lang='grc' dir='ltr'>πέτρης</span> <span class='ocrx_word' id='word_1_43' title='bbox 989 827 1089 918; x_wconf 61' lang='grc' dir='ltr'>ἄγριον</span> <span class='ocrx_word' id='word_1_44' title='bbox 1113 821 1185 910; x_wconf 80' lang='grc' dir='ltr'>αἶγα</span> <span class='ocrx_word' id='word_1_45' title='bbox 1208 826 1331 912; x_wconf 75' lang='grc' dir='ltr'>βάλῃσιν</span> <span class='ocrx_word' id='word_1_46' title='bbox 1360 824 1435 912; x_wconf 84' lang='grc' dir='ltr'>ἀνὴρ</span> <span class='ocrx_word' id='word_1_47' title='bbox 1459 851 1529 891; x_wconf 80' lang='lat' dir='ltr'>cnc-</span> 
     </span>
     <span class='ocr_line' id='line_1_7' title="bbox 198 935 1526 1023; baseline -0.001 -23"><span class='ocrx_word' id='word_1_48' title='bbox 198 935 292 1002; x_wconf 74' lang='lat' dir='ltr'>uteru</span> <span class='ocrx_word' id='word_1_49' title='bbox 315 935 462 1023; x_wconf 77' lang='grc' dir='ltr'>βελέμνῳ.</span> <span class='ocrx_word' id='word_1_50' title='bbox 503 939 653 1005; x_wconf 80' lang='lat' dir='ltr'>Ceterum</span> <span class='ocrx_word' id='word_1_51' title='bbox 680 958 719 1004; x_wconf 81' lang='lat' dir='ltr'>ex</span> <span class='ocrx_word' id='word_1_52' title='bbox 741 941 797 1002; x_wconf 89' lang='lat' dir='ltr'>illo</span> <span class='ocrx_word' id='word_1_53' title='bbox 832 937 898 1004; x_wconf 89' lang='lat' dir='ltr'>loeo</span> <span class='ocrx_word' id='word_1_54' title='bbox 923 935 1076 1002; x_wconf 78' lang='lat' dir='ltr'>discimus</span> <span class='ocrx_word' id='word_1_55' title='bbox 1112 939 1154 1001; x_wconf 85' lang='lat' dir='ltr'>ad</span> <span class='ocrx_word' id='word_1_56' title='bbox 1177 953 1340 1020; x_wconf 89' lang='lat' dir='ltr'>aegagrcs</span> <span class='ocrx_word' id='word_1_57' title='bbox 1363 937 1526 1000; x_wconf 84' lang='lat' dir='ltr'>venandos</span> 
     </span>
     <span class='ocr_line' id='line_1_8' title="bbox 198 1045 1531 1128; baseline -0.002 -17"><span class='ocrx_word' id='word_1_58' title='bbox 198 1058 323 1113; x_wconf 89' lang='lat' dir='ltr'>veteres</span> <span class='ocrx_word' id='word_1_59' title='bbox 346 1051 482 1114; x_wconf 89' lang='lat' dir='ltr'>canibus</span> <span class='ocrx_word' id='word_1_60' title='bbox 507 1063 632 1128; x_wconf 88' lang='lat' dir='ltr'>quoqne</span> <span class='ocrx_word' id='word_1_61' title='bbox 658 1048 703 1112; x_wconf 87' lang='lat' dir='ltr'>uti</span> <span class='ocrx_word' id='word_1_62' title='bbox 723 1047 832 1122; x_wconf 87' lang='lat' dir='ltr'>solitos</span> <span class='ocrx_word' id='word_1_63' title='bbox 849 1065 928 1125; x_wconf 89' lang='lat' dir='ltr'>esse,</span> <span class='ocrx_word' id='word_1_64' title='bbox 947 1046 1037 1110; x_wconf 88' lang='lat' dir='ltr'>cuius</span> <span class='ocrx_word' id='word_1_65' title='bbox 1052 1048 1099 1110; x_wconf 88' lang='lat' dir='ltr'>rei</span> <span class='ocrx_word' id='word_1_66' title='bbox 1120 1046 1233 1127; x_wconf 80' lang='lat' dir='ltr'>Argus</span> <span class='ocrx_word' id='word_1_67' title='bbox 1249 1062 1375 1126; x_wconf 90' lang='lat' dir='ltr'>quoque</span> <span class='ocrx_word' id='word_1_68' title='bbox 1390 1045 1531 1110; x_wconf 84' lang='lat' dir='ltr'>Ulixeus</span> 
     </span>
     <span class='ocr_line' id='line_1_9' title="bbox 197 1153 896 1235; baseline 0.003 -16"><span class='ocrx_word' id='word_1_69' title='bbox 197 1157 384 1221; x_wconf 90' lang='lat' dir='ltr'>documento</span> <span class='ocrx_word' id='word_1_70' title='bbox 409 1164 467 1234; x_wconf 90' lang='lat' dir='ltr'>est,</span> <span class='ocrx_word' id='word_1_71' title='bbox 495 1158 535 1220; x_wconf 87' lang='lat' dir='ltr'>de</span> <span class='ocrx_word' id='word_1_72' title='bbox 558 1173 620 1235; x_wconf 91' lang='lat' dir='ltr'>quc</span> <span class='ocrx_word' id='word_1_73' title='bbox 646 1153 732 1219; x_wconf 85' lang='lat' dir='ltr'>infra</span> <span class='ocrx_word' id='word_1_74' title='bbox 757 1157 896 1221; x_wconf 89' lang='lat' dir='ltr'>dicetur.</span> 
     </span>
    </p>

    <p class='ocr_par' dir='ltr' id='par_1_3' title="bbox 195 1258 1530 1774">
     <span class='ocr_line' id='line_1_10' title="bbox 263 1258 1526 1344; baseline -0.002 -19"><span class='ocrx_word' id='word_1_75' title='bbox 263 1263 292 1325; x_wconf 91' lang='lat' dir='ltr'>A</span> <span class='ocrx_word' id='word_1_76' title='bbox 313 1263 410 1332; x_wconf 82' lang='lat' dir='ltr'>Zelea</span> <span class='ocrx_word' id='word_1_77' title='bbox 435 1272 554 1329; x_wconf 90' lang='lat' dir='ltr'>autem.</span> <span class='ocrx_word' id='word_1_78' title='bbox 582 1264 667 1342; x_wconf 91' lang='lat' dir='ltr'>quod</span> <span class='ocrx_word' id='word_1_79' title='bbox 692 1263 845 1341; x_wconf 89' lang='lat' dir='ltr'>oppidum</span> <span class='ocrx_word' id='word_1_80' title='bbox 869 1259 937 1327; x_wconf 87' lang='lat' dir='ltr'>fere</span> <span class='ocrx_word' id='word_1_81' title='bbox 960 1262 1083 1330; x_wconf 86' lang='lat' dir='ltr'>LXXX</span> <span class='ocrx_word' id='word_1_82' title='bbox 1107 1263 1213 1328; x_wconf 88' lang='lat' dir='ltr'>stadia</span> <span class='ocrx_word' id='word_1_83' title='bbox 1232 1258 1410 1344; x_wconf 83' lang='lat' dir='ltr'>apronimo</span> <span class='ocrx_word' id='word_1_84' title='bbox 1426 1263 1526 1330; x_wconf 79' lang='lat' dir='ltr'>mari..</span> 
     </span>
     <span class='ocr_line' id='line_1_11' title="bbox 196 1365 1525 1451; baseline -0.003 -18"><span class='ocrx_word' id='word_1_85' title='bbox 196 1388 259 1450; x_wconf 92' lang='lat' dir='ltr'>quo</span> <span class='ocrx_word' id='word_1_86' title='bbox 283 1370 429 1451; x_wconf 84' lang='lat' dir='ltr'>Aesepus</span> <span class='ocrx_word' id='word_1_87' title='bbox 453 1388 487 1436; x_wconf 88' lang='lat' dir='ltr'>se</span> <span class='ocrx_word' id='word_1_88' title='bbox 511 1367 660 1448; x_wconf 79' lang='lat' dir='ltr'>effundit,</span> <span class='ocrx_word' id='word_1_89' title='bbox 680 1365 803 1432; x_wconf 88' lang='lat' dir='ltr'>distare</span> <span class='ocrx_word' id='word_1_90' title='bbox 827 1369 943 1436; x_wconf 86' lang='lat' dir='ltr'>Strabo</span> <span class='ocrx_word' id='word_1_91' title='bbox 966 1370 1045 1432; x_wconf 88' lang='lat' dir='ltr'>dicit</span> <span class='ocrx_word' id='word_1_92' title='bbox 1067 1370 1089 1433; x_wconf 92' lang='lat' dir='ltr'>i.</span> <span class='ocrx_word' id='word_1_93' title='bbox 1115 1368 1207 1449; x_wconf 87' lang='lat' dir='ltr'>Xlll,</span> <span class='ocrx_word' id='word_1_94' title='bbox 1230 1387 1257 1434; x_wconf 86' lang='lat' dir='ltr'>c.</span> <span class='ocrx_word' id='word_1_95' title='bbox 1286 1378 1313 1445; x_wconf 94' lang='grc'>1,</span> <span class='ocrx_word' id='word_1_96' title='bbox 1341 1367 1359 1450; x_wconf 68' lang='grc' dir='ltr'>ἓ</span> <span class='ocrx_word' id='word_1_97' title='bbox 1386 1372 1438 1447; x_wconf 88' lang='lat'>10,</span> <span class='ocrx_word' id='word_1_98' title='bbox 1464 1371 1525 1435; x_wconf 87' lang='lat' dir='ltr'>alti</span> 
     </span>
     <span class='ocr_line' id='line_1_12' title="bbox 197 1471 1530 1558; baseline -0.007 -16"><span class='ocrx_word' id='word_1_99' title='bbox 197 1487 317 1542; x_wconf 87' lang='lat' dir='ltr'>montes</span> <span class='ocrx_word' id='word_1_100' title='bbox 340 1477 453 1558; x_wconf 92' lang='lat' dir='ltr'>procul</span> <span class='ocrx_word' id='word_1_101' title='bbox 476 1478 605 1542; x_wconf 90' lang='lat' dir='ltr'>absunt.</span> <span class='ocrx_word' id='word_1_102' title='bbox 630 1475 671 1539; x_wconf 82' lang='lat' dir='ltr'>Ei</span> <span class='ocrx_word' id='word_1_103' title='bbox 694 1482 788 1553; x_wconf 88' lang='lat' dir='ltr'>enim,</span> <span class='ocrx_word' id='word_1_104' title='bbox 814 1493 891 1555; x_wconf 85' lang='lat' dir='ltr'>quos</span> <span class='ocrx_word' id='word_1_105' title='bbox 916 1471 945 1536; x_wconf 83' lang='grc'>11</span> <span class='ocrx_word' id='word_1_106' title='bbox 974 1473 1029 1556; x_wconf 83' lang='grc' dir='ltr'>μὲν</span> <span class='ocrx_word' id='word_1_107' title='bbox 1053 1474 1089 1538; x_wconf 83' lang='grc' dir='ltr'>τὰ</span> <span class='ocrx_word' id='word_1_108' title='bbox 1114 1473 1147 1536; x_wconf 84' lang='grc' dir='ltr'>ἐν</span> <span class='ocrx_word' id='word_1_109' title='bbox 1171 1475 1333 1558; x_wconf 81' lang='grc' dir='ltr'>Πειρωσσῷ</span> <span class='ocrx_word' id='word_1_110' title='bbox 1359 1475 1414 1556; x_wconf 84' lang='grc' dir='ltr'>ὅρη</span> <span class='ocrx_word' id='word_1_111' title='bbox 1437 1473 1530 1558; x_wconf 77' lang='grc' dir='ltr'>φασὶν</span> 
     </span>
     <span class='ocr_line' id='line_1_13' title="bbox 196 1576 1524 1668; baseline -0.004 -21"><span class='ocrx_word' id='word_1_112' title='bbox 196 1582 355 1668; x_wconf 80' lang='grc' dir='ltr'>ἃέχουοιν</span> <span class='ocrx_word' id='word_1_113' title='bbox 395 1581 421 1645; x_wconf 86' lang='grc' dir='ltr'>οἱ</span> <span class='ocrx_word' id='word_1_114' title='bbox 445 1581 610 1664; x_wconf 77' lang='grc' dir='ltr'><strong>Κυζικηνοὶ</strong></span> <span class='ocrx_word' id='word_1_115' title='bbox 632 1589 669 1663; x_wconf 76' lang='grc' dir='ltr'>τῇ</span> <span class='ocrx_word' id='word_1_116' title='bbox 694 1578 803 1660; x_wconf 79' lang='grc' dir='ltr'>Ζελείᾳ</span> <span class='ocrx_word' id='word_1_117' title='bbox 840 1586 990 1666; x_wconf 80' lang='grc' dir='ltr'>προσεχῆ,</span> <span class='ocrx_word' id='word_1_118' title='bbox 1030 1579 1063 1642; x_wconf 86' lang='grc' dir='ltr'>ἐν</span> <span class='ocrx_word' id='word_1_119' title='bbox 1096 1576 1139 1650; x_wconf 83' lang='grc' dir='ltr'>οἷς</span> <span class='ocrx_word' id='word_1_120' title='bbox 1162 1577 1298 1666; x_wconf 79' lang='grc' dir='ltr'>βασιλικὴ</span> <span class='ocrx_word' id='word_1_121' title='bbox 1333 1577 1413 1664; x_wconf 78' lang='grc' dir='ltr'>θήρα</span> <span class='ocrx_word' id='word_1_122' title='bbox 1437 1603 1524 1643; x_wconf 77' lang='grc' dir='ltr'>κατε-</span> 
     </span>
     <span class='ocr_line' id='line_1_14' title="bbox 195 1687 1525 1774; baseline 0.002 -20"><span class='ocrx_word' id='word_1_123' title='bbox 195 1690 339 1754; x_wconf 71' lang='lat' dir='ltr'>occidero</span> <span class='ocrx_word' id='word_1_124' title='bbox 363 1696 425 1760; x_wconf 84' lang='grc' dir='ltr'><strong>τοῖς</strong></span> <span class='ocrx_word' id='word_1_125' title='bbox 449 1689 575 1770; x_wconf 83' lang='grc' dir='ltr'><strong>Λυδοῖς,</strong></span> <span class='ocrx_word' id='word_1_126' title='bbox 602 1689 652 1752; x_wconf 85' lang='grc' dir='ltr'>καὶ</span> <span class='ocrx_word' id='word_1_127' title='bbox 675 1688 801 1774; x_wconf 78' lang='grc' dir='ltr'>Πέρσαις</span> <span class='ocrx_word' id='word_1_128' title='bbox 820 1689 949 1772; x_wconf 77' lang='grc' dir='ltr'>ὕστερον,</span> <span class='ocrx_word' id='word_1_129' title='bbox 966 1687 1051 1756; x_wconf 83' lang='lat' dir='ltr'>sicut</span> <span class='ocrx_word' id='word_1_130' title='bbox 1068 1689 1310 1772; x_wconf 67' lang='grc' dir='ltr'><strong>81111111111ξ</strong></span> <span class='ocrx_word' id='word_1_131' title='bbox 1330 1697 1380 1765; x_wconf 83' lang='lat' dir='ltr'>ii,</span> <span class='ocrx_word' id='word_1_132' title='bbox 1396 1708 1426 1771; x_wconf 84' lang='lat' dir='ltr'>p.</span> <span class='ocrx_word' id='word_1_133' title='bbox 1446 1697 1525 1770; x_wconf 77' lang='lat'>589,</span> 
     </span>
    </p>
   </div>
   <div class='ocr_carea' id='block_1_2' title="bbox 196 1782 1669 1892">
    <p class='ocr_par' dir='ltr' id='par_1_4' title="bbox 196 1782 1669 1892">
     <span class='ocr_line' id='line_1_15' title="bbox 196 1782 1669 1892; baseline -0.001 -24"><span class='ocrx_word' id='word_1_134' title='bbox 196 1803 234 1868; x_wconf 90' lang='lat' dir='ltr'>ob</span> <span class='ocrx_word' id='word_1_135' title='bbox 259 1801 294 1864; x_wconf 93' lang='lat' dir='ltr'>id</span> <span class='ocrx_word' id='word_1_136' title='bbox 316 1797 423 1880; x_wconf 80' lang='lat' dir='ltr'>ipsum</span> <span class='ocrx_word' id='word_1_137' title='bbox 457 1800 630 1864; x_wconf 79' lang='lat' dir='ltr'>altitudine</span> <span class='ocrx_word' id='word_1_138' title='bbox 670 1795 812 1880; x_wconf 88' lang='lat' dir='ltr'>insignes</span> <span class='ocrx_word' id='word_1_139' title='bbox 844 1797 943 1861; x_wconf 88' lang='lat' dir='ltr'>fuisse</span> <span class='ocrx_word' id='word_1_140' title='bbox 978 1816 1039 1862; x_wconf 92' lang='lat' dir='ltr'>non</span> <span class='ocrx_word' id='word_1_141' title='bbox 1078 1805 1228 1890; x_wconf 60' lang='lat' dir='ltr'>possuntx</span> <span class='ocrx_word' id='word_1_142' title='bbox 1249 1794 1400 1877; x_wconf 89' lang='lat' dir='ltr'>idemque</span> <span class='ocrx_word' id='word_1_143' title='bbox 1423 1797 1441 1880; x_wconf 70' lang='grc' dir='ltr'>ξ</span> <span class='ocrx_word' id='word_1_144' title='bbox 1465 1805 1520 1877; x_wconf 84' lang='grc'>45,</span> <span class='ocrx_word' id='word_1_145' title='bbox 1568 1887 1570 1892; x_wconf 23' lang='grc' dir='ltr'>Ι</span> <span class='ocrx_word' id='word_1_146' title='bbox 1648 1782 1669 1833; x_wconf 45' lang='lat'>&#39;-</span> 
     </span>
    </p>
   </div>
   <div class='ocr_carea' id='block_1_3' title="bbox 130 1900 1558 4664">
    <p class='ocr_par' dir='ltr' id='par_1_5' title="bbox 130 1900 1554 2630">
     <span class='ocr_line' id='line_1_16' title="bbox 195 1900 1526 1990; baseline -0.007 -15"><span class='ocrx_word' id='word_1_147' title='bbox 195 1923 226 1990; x_wconf 90' lang='lat' dir='ltr'>p.</span> <span class='ocrx_word' id='word_1_148' title='bbox 254 1912 316 1974; x_wconf 77' lang='lat'>603</span> <span class='ocrx_word' id='word_1_149' title='bbox 351 1902 508 1975; x_wconf 77' lang='lat' dir='ltr'>Demetrii</span> <span class='ocrx_word' id='word_1_150' title='bbox 545 1902 667 1987; x_wconf 86' lang='lat' dir='ltr'>Scepsii</span> <span class='ocrx_word' id='word_1_151' title='bbox 707 1907 807 1968; x_wconf 85' lang='lat' dir='ltr'>verba</span> <span class='ocrx_word' id='word_1_152' title='bbox 841 1904 948 1984; x_wconf 90' lang='lat' dir='ltr'>affert,</span> <span class='ocrx_word' id='word_1_153' title='bbox 988 1900 1104 1984; x_wconf 77' lang='lat' dir='ltr'>quiret</span> <span class='ocrx_word' id='word_1_154' title='bbox 1132 1908 1186 1988; x_wconf 80' lang='grc' dir='ltr'>τῆς</span> <span class='ocrx_word' id='word_1_155' title='bbox 1210 1900 1340 1966; x_wconf 72' lang='lat' dir='ltr'>Zeleia:</span> <span class='ocrx_word' id='word_1_156' title='bbox 1362 1902 1452 1964; x_wconf 81' lang='grc' dir='ltr'>πεδία</span> <span class='ocrx_word' id='word_1_157' title='bbox 1476 1903 1526 1966; x_wconf 79' lang='grc' dir='ltr'>καὶ</span> 
     </span>
     <span class='ocr_line' id='line_1_17' title="bbox 130 2009 1527 2096; baseline -0.001 -22"><span class='ocrx_word' id='word_1_158' title='bbox 130 2011 133 2016; x_wconf 81' lang='grc'><em>’</em></span> <span class='ocrx_word' id='word_1_159' title='bbox 194 2010 366 2096; x_wconf 59' lang='lat' dir='ltr'>&amp;perstre</span> <span class='ocrx_word' id='word_1_160' title='bbox 389 2015 487 2082; x_wconf 82' lang='grc' dir='ltr'><strong>καλῶς</strong></span> <span class='ocrx_word' id='word_1_161' title='bbox 510 2009 719 2096; x_wconf 61' lang='lat' dir='ltr'>prop-soricem</span> <span class='ocrx_word' id='word_1_162' title='bbox 742 2012 980 2080; x_wconf 85' lang='lat' dir='ltr'>commemorat.</span> <span class='ocrx_word' id='word_1_163' title='bbox 1008 2015 1077 2080; x_wconf 88' lang='lat' dir='ltr'>Hac</span> <span class='ocrx_word' id='word_1_164' title='bbox 1109 2019 1219 2078; x_wconf 85' lang='lat' dir='ltr'>aulem</span> <span class='ocrx_word' id='word_1_165' title='bbox 1242 2015 1347 2076; x_wconf 88' lang='lat' dir='ltr'>aetate</span> <span class='ocrx_word' id='word_1_166' title='bbox 1371 2009 1527 2094; x_wconf 87' lang='lat' dir='ltr'>Sperling</span> 
     </span>
     <span class='ocr_line' id='line_1_18' title="bbox 195 2111 1554 2206; baseline -0.001 -24"><span class='ocrx_word' id='word_1_167' title='bbox 195 2116 314 2186; x_wconf 88' lang='lat' dir='ltr'>itinere</span> <span class='ocrx_word' id='word_1_168' title='bbox 337 2121 486 2206; x_wconf 81' lang='lat' dir='ltr'>Cynicum</span> <span class='ocrx_word' id='word_1_169' title='bbox 511 2128 611 2200; x_wconf 90' lang='lat' dir='ltr'>atque</span> <span class='ocrx_word' id='word_1_170' title='bbox 652 2115 686 2182; x_wconf 93' lang='lat' dir='ltr'>in</span> <span class='ocrx_word' id='word_1_171' title='bbox 712 2120 827 2185; x_wconf 90' lang='lat' dir='ltr'>vallem</span> <span class='ocrx_word' id='word_1_172' title='bbox 851 2118 970 2198; x_wconf 89' lang='lat' dir='ltr'>Aesepi</span> <span class='ocrx_word' id='word_1_173' title='bbox 993 2117 1088 2198; x_wconf 87' lang='lat' dir='ltr'>lacto,</span> <span class='ocrx_word' id='word_1_174' title='bbox 1114 2119 1200 2198; x_wconf 91' lang='lat' dir='ltr'>quod</span> <span class='ocrx_word' id='word_1_175' title='bbox 1222 2125 1254 2182; x_wconf 91' lang='lat' dir='ltr'>in</span> <span class='ocrx_word' id='word_1_176' title='bbox 1278 2116 1315 2185; x_wconf 84' lang='lat' dir='ltr'>O.</span> <span class='ocrx_word' id='word_1_177' title='bbox 1341 2117 1525 2182; x_wconf 84' lang='lat' dir='ltr'>Neumanni</span> <span class='ocrx_word' id='word_1_178' title='bbox 1553 2111 1554 2116; x_wconf 70' lang='grc'>’</span> 
     </span>
     <span class='ocr_line' id='line_1_19' title="bbox 193 2221 1529 2311; baseline -0.001 -21"><span class='ocrx_word' id='word_1_179' title='bbox 193 2225 376 2292; x_wconf 79' lang='lat' dir='ltr'>Annalibus</span> <span class='ocrx_word' id='word_1_180' title='bbox 400 2227 631 2311; x_wconf 75' lang='lat' dir='ltr'>geographicis</span> <span class='ocrx_word' id='word_1_181' title='bbox 656 2228 716 2290; x_wconf 92' lang='lat' dir='ltr'>vol.</span> <span class='ocrx_word' id='word_1_182' title='bbox 743 2225 847 2303; x_wconf 86' lang='lat' dir='ltr'>Vllll,</span> <span class='ocrx_word' id='word_1_183' title='bbox 872 2244 906 2307; x_wconf 88' lang='lat' dir='ltr'>p.</span> <span class='ocrx_word' id='word_1_184' title='bbox 936 2235 948 2292; x_wconf 92' lang='lat' dir='ltr'>i</span> <span class='ocrx_word' id='word_1_185' title='bbox 976 2242 1049 2305; x_wconf 91' lang='lat' dir='ltr'>sqq.</span> <span class='ocrx_word' id='word_1_186' title='bbox 1076 2221 1244 2301; x_wconf 81' lang='lat' dir='ltr'>describit,</span> <span class='ocrx_word' id='word_1_187' title='bbox 1271 2226 1384 2290; x_wconf 88' lang='lat' dir='ltr'>auctor</span> <span class='ocrx_word' id='word_1_188' title='bbox 1408 2226 1529 2290; x_wconf 88' lang='lat' dir='ltr'>esteos</span> 
     </span>
     <span class='ocr_line' id='line_1_20' title="bbox 194 2329 1528 2416; baseline -0.004 -15"><span class='ocrx_word' id='word_1_189' title='bbox 194 2337 329 2416; x_wconf 88' lang='lat' dir='ltr'>montes,</span> <span class='ocrx_word' id='word_1_190' title='bbox 355 2333 549 2416; x_wconf 91' lang='lat' dir='ltr'>inquorum</span> <span class='ocrx_word' id='word_1_191' title='bbox 573 2335 736 2398; x_wconf 90' lang='lat' dir='ltr'>radicibus</span> <span class='ocrx_word' id='word_1_192' title='bbox 761 2333 859 2398; x_wconf 89' lang='lat' dir='ltr'>Zelea</span> <span class='ocrx_word' id='word_1_193' title='bbox 882 2331 944 2398; x_wconf 90' lang='lat' dir='ltr'>sita</span> <span class='ocrx_word' id='word_1_194' title='bbox 966 2341 1016 2412; x_wconf 85' lang='lat' dir='ltr'>sit,</span> <span class='ocrx_word' id='word_1_195' title='bbox 1055 2340 1132 2398; x_wconf 88' lang='lat' dir='ltr'>satis</span> <span class='ocrx_word' id='word_1_196' title='bbox 1157 2331 1287 2413; x_wconf 85' lang='lat' dir='ltr'>quidem</span> <span class='ocrx_word' id='word_1_197' title='bbox 1313 2329 1432 2412; x_wconf 89' lang='lat' dir='ltr'>ubique</span> <span class='ocrx_word' id='word_1_198' title='bbox 1456 2349 1528 2398; x_wconf 88' lang='lat' dir='ltr'>esse</span> 
     </span>
     <span class='ocr_line' id='line_1_21' title="bbox 194 2436 1523 2524; baseline -0.005 -16"><span class='ocrx_word' id='word_1_199' title='bbox 194 2445 345 2521; x_wconf 82' lang='lat' dir='ltr'>declives,</span> <span class='ocrx_word' id='word_1_200' title='bbox 373 2444 427 2507; x_wconf 89' lang='lat' dir='ltr'>sed</span> <span class='ocrx_word' id='word_1_201' title='bbox 453 2458 493 2504; x_wconf 93' lang='lat' dir='ltr'>ne</span> <span class='ocrx_word' id='word_1_202' title='bbox 518 2437 571 2506; x_wconf 89' lang='lat' dir='ltr'>hic</span> <span class='ocrx_word' id='word_1_203' title='bbox 594 2442 725 2520; x_wconf 88' lang='lat' dir='ltr'>quidem</span> <span class='ocrx_word' id='word_1_204' title='bbox 750 2442 834 2505; x_wconf 88' lang='lat' dir='ltr'>altos</span> <span class='ocrx_word' id='word_1_205' title='bbox 857 2459 911 2505; x_wconf 90' lang='lat' dir='ltr'>ecs</span> <span class='ocrx_word' id='word_1_206' title='bbox 936 2458 1006 2506; x_wconf 91' lang='lat' dir='ltr'>esse</span> <span class='ocrx_word' id='word_1_207' title='bbox 1030 2444 1119 2506; x_wconf 90' lang='lat' dir='ltr'>dicit.</span> <span class='ocrx_word' id='word_1_208' title='bbox 1147 2445 1291 2523; x_wconf 87' lang='lat' dir='ltr'>Peregre</span> <span class='ocrx_word' id='word_1_209' title='bbox 1315 2436 1418 2524; x_wconf 87' lang='lat' dir='ltr'>igitur</span> <span class='ocrx_word' id='word_1_210' title='bbox 1439 2440 1523 2504; x_wconf 89' lang='lat' dir='ltr'>Pan·</span> 
     </span>
     <span class='ocr_line' id='line_1_22' title="bbox 193 2544 1287 2630; baseline -0.002 -16"><span class='ocrx_word' id='word_1_211' title='bbox 193 2552 274 2615; x_wconf 87' lang='lat' dir='ltr'>darc</span> <span class='ocrx_word' id='word_1_212' title='bbox 297 2548 558 2629; x_wconf 88' lang='lat' dir='ltr'>proficiscendum</span> <span class='ocrx_word' id='word_1_213' title='bbox 584 2554 667 2627; x_wconf 87' lang='lat' dir='ltr'>erat,</span> <span class='ocrx_word' id='word_1_214' title='bbox 695 2544 724 2612; x_wconf 92' lang='lat' dir='ltr'>si</span> <span class='ocrx_word' id='word_1_215' title='bbox 747 2548 858 2613; x_wconf 90' lang='lat' dir='ltr'>tantae</span> <span class='ocrx_word' id='word_1_216' title='bbox 882 2550 1024 2630; x_wconf 89' lang='lat' dir='ltr'>praedae</span> <span class='ocrx_word' id='word_1_217' title='bbox 1048 2549 1183 2629; x_wconf 91' lang='lat' dir='ltr'>cupidus</span> <span class='ocrx_word' id='word_1_218' title='bbox 1207 2556 1287 2612; x_wconf 89' lang='lat' dir='ltr'>erat.</span> 
     </span>
    </p>

    <p class='ocr_par' dir='ltr' id='par_1_6' title="bbox 187 2651 1558 4664">
     <span class='ocr_line' id='line_1_23' title="bbox 260 2651 1558 2737; baseline -0.001 -17"><span class='ocrx_word' id='word_1_219' title='bbox 260 2654 322 2721; x_wconf 87' lang='lat' dir='ltr'>Sed</span> <span class='ocrx_word' id='word_1_220' title='bbox 346 2658 383 2724; x_wconf 87' lang='grc' dir='ltr'>Ο.</span> <span class='ocrx_word' id='word_1_221' title='bbox 408 2657 522 2722; x_wconf 88' lang='lat' dir='ltr'>Keller</span> <span class='ocrx_word' id='word_1_222' title='bbox 557 2654 620 2719; x_wconf 91' lang='lat' dir='ltr'>duo</span> <span class='ocrx_word' id='word_1_223' title='bbox 644 2653 753 2718; x_wconf 88' lang='lat' dir='ltr'>adfert</span> <span class='ocrx_word' id='word_1_224' title='bbox 788 2660 985 2734; x_wconf 85' lang='lat' dir='ltr'>testimonia,</span> <span class='ocrx_word' id='word_1_225' title='bbox 1024 2658 1143 2737; x_wconf 90' lang='lat' dir='ltr'>quibus</span> <span class='ocrx_word' id='word_1_226' title='bbox 1170 2654 1271 2720; x_wconf 84' lang='lat' dir='ltr'>luisse</span> <span class='ocrx_word' id='word_1_227' title='bbox 1295 2651 1528 2734; x_wconf 85' lang='lat' dir='ltr'>antiquissima</span> <span class='ocrx_word' id='word_1_228' title='bbox 1556 2691 1558 2696; x_wconf 67' lang='lat'>,</span> 
     </span>
     <span class='ocr_line' id='line_1_24' title="bbox 193 2759 1523 2844; baseline 0 -16"><span class='ocrx_word' id='word_1_229' title='bbox 193 2764 301 2828; x_wconf 87' lang='lat' dir='ltr'>aetate</span> <span class='ocrx_word' id='word_1_230' title='bbox 325 2781 483 2844; x_wconf 79' lang='lat' dir='ltr'>acgagrcs</span> <span class='ocrx_word' id='word_1_231' title='bbox 506 2759 539 2826; x_wconf 93' lang='lat' dir='ltr'>in</span> <span class='ocrx_word' id='word_1_232' title='bbox 565 2763 693 2828; x_wconf 85' lang='lat' dir='ltr'>Troade</span> <span class='ocrx_word' id='word_1_233' title='bbox 727 2763 893 2843; x_wconf 89' lang='lat' dir='ltr'>probetur,</span> <span class='ocrx_word' id='word_1_234' title='bbox 919 2765 1059 2828; x_wconf 89' lang='lat' dir='ltr'>alterum</span> <span class='ocrx_word' id='word_1_235' title='bbox 1092 2765 1167 2830; x_wconf 87' lang='lat' dir='ltr'>miri</span> <span class='ocrx_word' id='word_1_236' title='bbox 1190 2760 1357 2831; x_wconf 91' lang='lat' dir='ltr'>cuiusdam</span> <span class='ocrx_word' id='word_1_237' title='bbox 1383 2763 1523 2844; x_wconf 90' lang='lat' dir='ltr'>antiqui·</span> 
     </span>
     <span class='ocr_line' id='line_1_25' title="bbox 193 2867 1521 2954; baseline -0.001 -20"><span class='ocrx_word' id='word_1_238' title='bbox 193 2878 270 2935; x_wconf 89' lang='lat' dir='ltr'>tatis</span> <span class='ocrx_word' id='word_1_239' title='bbox 295 2867 501 2947; x_wconf 88' lang='lat' dir='ltr'>monumenti,</span> <span class='ocrx_word' id='word_1_240' title='bbox 526 2871 666 2935; x_wconf 89' lang='lat' dir='ltr'>alterum</span> <span class='ocrx_word' id='word_1_241' title='bbox 690 2870 888 2938; x_wconf 87' lang='lat' dir='ltr'>litterarum.</span> <span class='ocrx_word' id='word_1_242' title='bbox 913 2874 1020 2937; x_wconf 91' lang='lat' dir='ltr'>Monet</span> <span class='ocrx_word' id='word_1_243' title='bbox 1053 2878 1136 2936; x_wconf 89' lang='lat' dir='ltr'>enim</span> <span class='ocrx_word' id='word_1_244' title='bbox 1172 2868 1289 2954; x_wconf 88' lang='lat' dir='ltr'>figuris</span> <span class='ocrx_word' id='word_1_245' title='bbox 1313 2872 1521 2950; x_wconf 84' lang='lat' dir='ltr'>quibusdam,</span> 
     </span>
     <span class='ocr_line' id='line_1_26' title="bbox 193 2971 1522 3059; baseline 0 -21"><span class='ocrx_word' id='word_1_246' title='bbox 193 2983 249 3039; x_wconf 94' lang='lat' dir='ltr'>uni</span> <span class='ocrx_word' id='word_1_247' title='bbox 272 2993 311 3039; x_wconf 85' lang='lat' dir='ltr'>ex</span> <span class='ocrx_word' id='word_1_248' title='bbox 335 2993 453 3059; x_wconf 87' lang='lat' dir='ltr'>magno</span> <span class='ocrx_word' id='word_1_249' title='bbox 493 2992 626 3039; x_wconf 91' lang='lat' dir='ltr'>numero</span> <span class='ocrx_word' id='word_1_250' title='bbox 650 2976 882 3040; x_wconf 88' lang='lat' dir='ltr'>verticillorum</span> <span class='ocrx_word' id='word_1_251' title='bbox 907 2994 927 3040; x_wconf 87' lang='grc'>1</span> <span class='ocrx_word' id='word_1_252' title='bbox 952 2973 1173 3042; x_wconf 86' lang='lat' dir='ltr'>Scbliemanno</span> <span class='ocrx_word' id='word_1_253' title='bbox 1209 2983 1241 3039; x_wconf 92' lang='lat' dir='ltr'>in</span> <span class='ocrx_word' id='word_1_254' title='bbox 1265 2983 1334 3056; x_wconf 91' lang='lat' dir='ltr'>ipso</span> <span class='ocrx_word' id='word_1_255' title='bbox 1358 2977 1437 3056; x_wconf 89' lang='lat' dir='ltr'>loco,</span> <span class='ocrx_word' id='word_1_256' title='bbox 1464 2971 1522 3039; x_wconf 89' lang='lat' dir='ltr'>ubi</span> 
     </span>
     <span class='ocr_line' id='line_1_27' title="bbox 192 3079 1520 3163; baseline 0.003 -16"><span class='ocrx_word' id='word_1_257' title='bbox 192 3083 290 3147; x_wconf 85' lang='lat' dir='ltr'>Troia</span> <span class='ocrx_word' id='word_1_258' title='bbox 314 3090 395 3160; x_wconf 87' lang='lat' dir='ltr'>erat,</span> <span class='ocrx_word' id='word_1_259' title='bbox 420 3079 616 3160; x_wconf 82' lang='lat' dir='ltr'>effossorum,</span> <span class='ocrx_word' id='word_1_260' title='bbox 644 3079 701 3162; x_wconf 94' lang='lat' dir='ltr'>qui</span> <span class='ocrx_word' id='word_1_261' title='bbox 724 3089 756 3145; x_wconf 95' lang='lat' dir='ltr'>in</span> <span class='ocrx_word' id='word_1_262' title='bbox 780 3083 866 3146; x_wconf 88' lang='lat' dir='ltr'>libro</span> <span class='ocrx_word' id='word_1_263' title='bbox 890 3090 946 3163; x_wconf 89' lang='lat' dir='ltr'>qui</span> <span class='ocrx_word' id='word_1_264' title='bbox 969 3083 1158 3148; x_wconf 89' lang='lat' dir='ltr'>inscribitur</span> <span class='ocrx_word' id='word_1_265' title='bbox 1186 3082 1263 3146; x_wconf 89' lang='lat' dir='ltr'>Ilios</span> <span class='ocrx_word' id='word_1_266' title='bbox 1283 3100 1415 3146; x_wconf 88' lang='lat' dir='ltr'>numero</span> <span class='ocrx_word' id='word_1_267' title='bbox 1435 3089 1520 3150; x_wconf 87' lang='lat'>1883</span> 
     </span>
     <span class='ocr_line' id='line_1_28' title="bbox 192 3187 1524 3273; baseline 0.003 -20"><span class='ocrx_word' id='word_1_268' title='bbox 192 3190 320 3254; x_wconf 87' lang='lat' dir='ltr'>notatus</span> <span class='ocrx_word' id='word_1_269' title='bbox 345 3197 404 3270; x_wconf 92' lang='grc'><strong>611,</strong></span> <span class='ocrx_word' id='word_1_270' title='bbox 429 3187 598 3270; x_wconf 88' lang='lat' dir='ltr'>insculptis</span> <span class='ocrx_word' id='word_1_271' title='bbox 621 3189 797 3273; x_wconf 86' lang='lat' dir='ltr'>significari</span> <span class='ocrx_word' id='word_1_272' title='bbox 820 3192 994 3269; x_wconf 91' lang='lat' dir='ltr'>hominem,</span> <span class='ocrx_word' id='word_1_273' title='bbox 1021 3209 1151 3257; x_wconf 90' lang='lat' dir='ltr'>cervum</span> <span class='ocrx_word' id='word_1_274' title='bbox 1167 3209 1357 3271; x_wconf 81' lang='lat' dir='ltr'>cervumque</span> <span class='ocrx_word' id='word_1_275' title='bbox 1373 3198 1407 3256; x_wconf 88' lang='grc'>61</span> <span class='ocrx_word' id='word_1_276' title='bbox 1423 3209 1524 3273; x_wconf 85' lang='lat' dir='ltr'>aega-</span> 
     </span>
     <span class='ocr_line' id='line_1_29' title="bbox 192 3293 1523 3381; baseline 0.003 -21"><span class='ocrx_word' id='word_1_277' title='bbox 192 3315 298 3378; x_wconf 89' lang='lat' dir='ltr'>grum.</span> <span class='ocrx_word' id='word_1_278' title='bbox 323 3297 368 3360; x_wconf 92' lang='lat' dir='ltr'>At</span> <span class='ocrx_word' id='word_1_279' title='bbox 391 3303 427 3360; x_wconf 91' lang='lat' dir='ltr'>ut</span> <span class='ocrx_word' id='word_1_280' title='bbox 451 3304 605 3376; x_wconf 90' lang='lat' dir='ltr'>omittam,</span> <span class='ocrx_word' id='word_1_281' title='bbox 630 3293 690 3363; x_wconf 87' lang='lat' dir='ltr'>illa</span> <span class='ocrx_word' id='word_1_282' title='bbox 713 3294 901 3362; x_wconf 88' lang='lat' dir='ltr'>animalium</span> <span class='ocrx_word' id='word_1_283' title='bbox 925 3300 1119 3363; x_wconf 88' lang='lat' dir='ltr'>lineamenta</span> <span class='ocrx_word' id='word_1_284' title='bbox 1133 3299 1212 3363; x_wconf 90' lang='lat' dir='ltr'>adeo</span> <span class='ocrx_word' id='word_1_285' title='bbox 1228 3298 1355 3366; x_wconf 82' lang='lat' dir='ltr'>infabre</span> <span class='ocrx_word' id='word_1_286' title='bbox 1371 3302 1403 3364; x_wconf 88' lang='grc'>61</span> <span class='ocrx_word' id='word_1_287' title='bbox 1417 3317 1523 3381; x_wconf 89' lang='lat' dir='ltr'>paene</span> 
     </span>
     <span class='ocr_line' id='line_1_30' title="bbox 191 3393 1520 3488; baseline 0.003 -23"><span class='ocrx_word' id='word_1_288' title='bbox 191 3393 362 3482; x_wconf 87' lang='lat' dir='ltr'>pueriliter</span> <span class='ocrx_word' id='word_1_289' title='bbox 386 3421 456 3488; x_wconf 89' lang='lat' dir='ltr'>esse</span> <span class='ocrx_word' id='word_1_290' title='bbox 480 3403 581 3482; x_wconf 86' lang='lat' dir='ltr'>lacta,</span> <span class='ocrx_word' id='word_1_291' title='bbox 608 3411 644 3468; x_wconf 91' lang='lat' dir='ltr'>ut</span> <span class='ocrx_word' id='word_1_292' title='bbox 667 3403 892 3472; x_wconf 89' lang='lat' dir='ltr'>Scbliemanno</span> <span class='ocrx_word' id='word_1_293' title='bbox 915 3402 977 3485; x_wconf 91' lang='lat' dir='ltr'>ipsi</span> <span class='ocrx_word' id='word_1_294' title='bbox 1000 3410 1067 3470; x_wconf 89' lang='lat' dir='ltr'>tres</span> <span class='ocrx_word' id='word_1_295' title='bbox 1090 3402 1178 3470; x_wconf 87' lang='lat' dir='ltr'>cervi</span> <span class='ocrx_word' id='word_1_296' title='bbox 1202 3424 1269 3470; x_wconf 88' lang='lat' dir='ltr'>esse</span> <span class='ocrx_word' id='word_1_297' title='bbox 1294 3403 1353 3470; x_wconf 91' lang='lat' dir='ltr'>visi</span> <span class='ocrx_word' id='word_1_298' title='bbox 1372 3406 1447 3486; x_wconf 91' lang='lat' dir='ltr'>sint,</span> <span class='ocrx_word' id='word_1_299' title='bbox 1470 3416 1520 3470; x_wconf 91' lang='lat' dir='ltr'>ta·</span> 
     </span>
     <span class='ocr_line' id='line_1_31' title="bbox 192 3508 1520 3594; baseline 0.003 -21"><span class='ocrx_word' id='word_1_300' title='bbox 192 3527 266 3574; x_wconf 90' lang='lat' dir='ltr'>men</span> <span class='ocrx_word' id='word_1_301' title='bbox 290 3508 318 3574; x_wconf 90' lang='lat' dir='ltr'>si</span> <span class='ocrx_word' id='word_1_302' title='bbox 341 3510 465 3591; x_wconf 91' lang='lat' dir='ltr'>aliquid</span> <span class='ocrx_word' id='word_1_303' title='bbox 502 3508 579 3578; x_wconf 90' lang='lat' dir='ltr'>inde</span> <span class='ocrx_word' id='word_1_304' title='bbox 604 3508 682 3576; x_wconf 89' lang='lat' dir='ltr'>licet</span> <span class='ocrx_word' id='word_1_305' title='bbox 718 3519 872 3594; x_wconf 81' lang='lat' dir='ltr'>conicere,</span> <span class='ocrx_word' id='word_1_306' title='bbox 908 3513 987 3576; x_wconf 92' lang='lat' dir='ltr'>mibi</span> <span class='ocrx_word' id='word_1_307' title='bbox 1011 3509 1143 3593; x_wconf 91' lang='lat' dir='ltr'>quidem</span> <span class='ocrx_word' id='word_1_308' title='bbox 1166 3520 1357 3594; x_wconf 85' lang='lat' dir='ltr'>permissum</span> <span class='ocrx_word' id='word_1_309' title='bbox 1382 3509 1425 3576; x_wconf 88' lang='lat' dir='ltr'>sit</span> <span class='ocrx_word' id='word_1_310' title='bbox 1450 3532 1520 3578; x_wconf 91' lang='lat' dir='ltr'>rem</span> 
     </span>
     <span class='ocr_line' id='line_1_32' title="bbox 189 3615 1521 3699; baseline 0.004 -19"><span class='ocrx_word' id='word_1_311' title='bbox 189 3618 285 3680; x_wconf 87' lang='lat' dir='ltr'>aliter</span> <span class='ocrx_word' id='word_1_312' title='bbox 326 3615 546 3699; x_wconf 88' lang='lat' dir='ltr'>interpretari.</span> <span class='ocrx_word' id='word_1_313' title='bbox 590 3618 669 3682; x_wconf 86' lang='lat' dir='ltr'>Veri</span> <span class='ocrx_word' id='word_1_314' title='bbox 714 3616 799 3686; x_wconf 86' lang='lat' dir='ltr'>enim</span> <span class='ocrx_word' id='word_1_315' title='bbox 842 3637 938 3699; x_wconf 89' lang='lat' dir='ltr'>quam</span> <span class='ocrx_word' id='word_1_316' title='bbox 974 3617 1111 3684; x_wconf 80' lang='lat' dir='ltr'>maxime</span> <span class='ocrx_word' id='word_1_317' title='bbox 1153 3623 1280 3685; x_wconf 89' lang='lat' dir='ltr'>videtur</span> <span class='ocrx_word' id='word_1_318' title='bbox 1318 3617 1436 3696; x_wconf 84' lang='lat' dir='ltr'>simile,</span> <span class='ocrx_word' id='word_1_319' title='bbox 1461 3622 1521 3685; x_wconf 87' lang='lat' dir='ltr'>bo·</span> 
     </span>
     <span class='ocr_line' id='line_1_33' title="bbox 190 3720 1522 3809; baseline 0.002 -22"><span class='ocrx_word' id='word_1_320' title='bbox 190 3720 285 3787; x_wconf 92' lang='lat' dir='ltr'>minis</span> <span class='ocrx_word' id='word_1_321' title='bbox 308 3722 418 3805; x_wconf 88' lang='lat' dir='ltr'>figura</span> <span class='ocrx_word' id='word_1_322' title='bbox 441 3722 584 3804; x_wconf 89' lang='lat' dir='ltr'>opificem</span> <span class='ocrx_word' id='word_1_323' title='bbox 603 3724 788 3806; x_wconf 89' lang='lat' dir='ltr'>imperitum</span> <span class='ocrx_word' id='word_1_324' title='bbox 804 3724 988 3809; x_wconf 86' lang='lat' dir='ltr'>significare</span> <span class='ocrx_word' id='word_1_325' title='bbox 1006 3728 1142 3790; x_wconf 89' lang='lat' dir='ltr'>voluisse</span> <span class='ocrx_word' id='word_1_326' title='bbox 1162 3724 1522 3808; x_wconf 86' lang='lat' dir='ltr'>venatorem,·sublatis</span> 
     </span>
     <span class='ocr_line' id='line_1_34' title="bbox 190 3827 1519 3916; baseline 0.003 -22"><span class='ocrx_word' id='word_1_327' title='bbox 190 3837 257 3894; x_wconf 90' lang='lat' dir='ltr'>eius</span> <span class='ocrx_word' id='word_1_328' title='bbox 281 3831 436 3908; x_wconf 75' lang='lat' dir='ltr'>manibus</span> <span class='ocrx_word' id='word_1_329' title='bbox 462 3832 562 3896; x_wconf 91' lang='lat' dir='ltr'>telum</span> <span class='ocrx_word' id='word_1_330' title='bbox 585 3839 618 3895; x_wconf 96' lang='lat' dir='ltr'>in</span> <span class='ocrx_word' id='word_1_331' title='bbox 642 3827 718 3898; x_wconf 90' lang='lat' dir='ltr'>illas</span> <span class='ocrx_word' id='word_1_332' title='bbox 741 3831 828 3900; x_wconf 84' lang='lat' dir='ltr'>ieras</span> <span class='ocrx_word' id='word_1_333' title='bbox 852 3831 1056 3898; x_wconf 88' lang='lat' dir='ltr'>emissurum.</span> <span class='ocrx_word' id='word_1_334' title='bbox 1083 3833 1171 3914; x_wconf 83' lang='lat' dir='ltr'>Quae</span> <span class='ocrx_word' id='word_1_335' title='bbox 1195 3840 1222 3897; x_wconf 91' lang='lat' dir='ltr'>si</span> <span class='ocrx_word' id='word_1_336' title='bbox 1246 3840 1333 3898; x_wconf 90' lang='lat' dir='ltr'>recte</span> <span class='ocrx_word' id='word_1_337' title='bbox 1357 3833 1519 3916; x_wconf 85' lang='lat' dir='ltr'>ponimus,</span> 
     </span>
     <span class='ocr_line' id='line_1_35' title="bbox 189 3937 1517 4024; baseline 0.005 -22"><span class='ocrx_word' id='word_1_338' title='bbox 189 3941 267 4020; x_wconf 90' lang='lat' dir='ltr'>quid</span> <span class='ocrx_word' id='word_1_339' title='bbox 292 3943 421 4020; x_wconf 88' lang='lat' dir='ltr'>praeter</span> <span class='ocrx_word' id='word_1_340' title='bbox 445 3937 602 4002; x_wconf 85' lang='lat' dir='ltr'>hominem</span> <span class='ocrx_word' id='word_1_341' title='bbox 627 3945 660 4002; x_wconf 92' lang='lat' dir='ltr'>et</span> <span class='ocrx_word' id='word_1_342' title='bbox 682 3937 768 4004; x_wconf 85' lang='lat' dir='ltr'>ieras</span> <span class='ocrx_word' id='word_1_343' title='bbox 804 3937 987 4006; x_wconf 87' lang='lat' dir='ltr'>desiderari</span> <span class='ocrx_word' id='word_1_344' title='bbox 1023 3943 1185 4024; x_wconf 72' lang='lat' dir='ltr'>putemus?</span> <span class='ocrx_word' id='word_1_345' title='bbox 1210 3941 1368 4004; x_wconf 87' lang='lat' dir='ltr'>Videlicet</span> <span class='ocrx_word' id='word_1_346' title='bbox 1391 3951 1517 4008; x_wconf 79' lang='lat' dir='ltr'>canem</span> 
     </span>
     <span class='ocr_line' id='line_1_36' title="bbox 189 4044 1517 4128; baseline 0 -18"><span class='ocrx_word' id='word_1_347' title='bbox 189 4047 300 4126; x_wconf 90' lang='lat' dir='ltr'>Neque</span> <span class='ocrx_word' id='word_1_348' title='bbox 324 4044 444 4110; x_wconf 87' lang='lat' dir='ltr'>infitias</span> <span class='ocrx_word' id='word_1_349' title='bbox 467 4051 589 4123; x_wconf 88' lang='lat' dir='ltr'>iverim,</span> <span class='ocrx_word' id='word_1_350' title='bbox 617 4063 700 4124; x_wconf 91' lang='lat' dir='ltr'>quae</span> <span class='ocrx_word' id='word_1_351' title='bbox 724 4065 740 4111; x_wconf 91' lang='lat' dir='ltr'>e</span> <span class='ocrx_word' id='word_1_352' title='bbox 764 4048 869 4128; x_wconf 87' lang='lat' dir='ltr'>capite</span> <span class='ocrx_word' id='word_1_353' title='bbox 894 4045 986 4112; x_wconf 86' lang='lat' dir='ltr'>tertii</span> <span class='ocrx_word' id='word_1_354' title='bbox 1001 4048 1150 4112; x_wconf 85' lang='lat' dir='ltr'>animalis</span> <span class='ocrx_word' id='word_1_355' title='bbox 1164 4065 1291 4110; x_wconf 90' lang='lat' dir='ltr'>sursum</span> <span class='ocrx_word' id='word_1_356' title='bbox 1309 4049 1423 4112; x_wconf 84' lang='lat' dir='ltr'>ductae</span> <span class='ocrx_word' id='word_1_357' title='bbox 1441 4055 1517 4110; x_wconf 91' lang='lat' dir='ltr'>sunt</span> 
     </span>
     <span class='ocr_line' id='line_1_37' title="bbox 189 4149 1517 4237; baseline 0.002 -21"><span class='ocrx_word' id='word_1_358' title='bbox 189 4154 304 4237; x_wconf 89' lang='lat' dir='ltr'>lineae,</span> <span class='ocrx_word' id='word_1_359' title='bbox 329 4149 376 4217; x_wconf 88' lang='lat' dir='ltr'>eis</span> <span class='ocrx_word' id='word_1_360' title='bbox 399 4163 520 4217; x_wconf 84' lang='lat' dir='ltr'>cornua</span> <span class='ocrx_word' id='word_1_361' title='bbox 543 4161 684 4236; x_wconf 87' lang='lat' dir='ltr'>aegagri</span> <span class='ocrx_word' id='word_1_362' title='bbox 709 4171 799 4233; x_wconf 91' lang='lat' dir='ltr'>posse</span> <span class='ocrx_word' id='word_1_363' title='bbox 823 4151 1009 4237; x_wconf 85' lang='lat' dir='ltr'>significari.</span> <span class='ocrx_word' id='word_1_364' title='bbox 1053 4153 1116 4218; x_wconf 88' lang='lat' dir='ltr'>Sed</span> <span class='ocrx_word' id='word_1_365' title='bbox 1141 4161 1232 4218; x_wconf 86' lang='lat' dir='ltr'>tanta</span> <span class='ocrx_word' id='word_1_366' title='bbox 1255 4157 1384 4218; x_wconf 87' lang='lat' dir='ltr'>videtur</span> <span class='ocrx_word' id='word_1_367' title='bbox 1408 4171 1517 4219; x_wconf 87' lang='lat' dir='ltr'>neces·</span> 
     </span>
     <span class='ocr_line' id='line_1_38' title="bbox 189 4257 1513 4342; baseline 0.001 -18"><span class='ocrx_word' id='word_1_368' title='bbox 189 4266 267 4324; x_wconf 91' lang='lat' dir='ltr'>sitas</span> <span class='ocrx_word' id='word_1_369' title='bbox 290 4277 401 4326; x_wconf 88' lang='lat' dir='ltr'>canem</span> <span class='ocrx_word' id='word_1_370' title='bbox 425 4259 550 4338; x_wconf 88' lang='lat' dir='ltr'>adesse,</span> <span class='ocrx_word' id='word_1_371' title='bbox 592 4269 627 4322; x_wconf 92' lang='lat' dir='ltr'>ut</span> <span class='ocrx_word' id='word_1_372' title='bbox 652 4263 764 4324; x_wconf 89' lang='lat' dir='ltr'>rudem</span> <span class='ocrx_word' id='word_1_373' title='bbox 788 4261 849 4324; x_wconf 88' lang='lat' dir='ltr'>hac</span> <span class='ocrx_word' id='word_1_374' title='bbox 864 4279 992 4342; x_wconf 90' lang='lat' dir='ltr'>quoque</span> <span class='ocrx_word' id='word_1_375' title='bbox 1008 4268 1041 4325; x_wconf 91' lang='lat' dir='ltr'>in</span> <span class='ocrx_word' id='word_1_376' title='bbox 1056 4279 1092 4325; x_wconf 89' lang='lat' dir='ltr'>re</span> <span class='ocrx_word' id='word_1_377' title='bbox 1107 4270 1208 4326; x_wconf 90' lang='lat' dir='ltr'>artem</span> <span class='ocrx_word' id='word_1_378' title='bbox 1224 4279 1374 4326; x_wconf 84' lang='lat' dir='ltr'>accusare</span> <span class='ocrx_word' id='word_1_379' title='bbox 1390 4257 1513 4340; x_wconf 87' lang='lat' dir='ltr'>malim,</span> 
     </span>
     <span class='ocr_line' id='line_1_39' title="bbox 190 4364 1516 4448; baseline 0 -18"><span class='ocrx_word' id='word_1_380' title='bbox 190 4385 254 4447; x_wconf 91' lang='lat' dir='ltr'>qua</span> <span class='ocrx_word' id='word_1_381' title='bbox 276 4365 399 4431; x_wconf 85' lang='lat' dir='ltr'>lactum</span> <span class='ocrx_word' id='word_1_382' title='bbox 424 4375 481 4443; x_wconf 84' lang='lat' dir='ltr'>est,</span> <span class='ocrx_word' id='word_1_383' title='bbox 523 4375 559 4430; x_wconf 92' lang='lat' dir='ltr'>ut</span> <span class='ocrx_word' id='word_1_384' title='bbox 583 4374 710 4431; x_wconf 92' lang='lat' dir='ltr'>aurium</span> <span class='ocrx_word' id='word_1_385' title='bbox 749 4364 937 4433; x_wconf 90' lang='lat' dir='ltr'>caninarum</span> <span class='ocrx_word' id='word_1_386' title='bbox 961 4364 1130 4448; x_wconf 89' lang='lat' dir='ltr'>longitudo</span> <span class='ocrx_word' id='word_1_387' title='bbox 1154 4366 1255 4433; x_wconf 89' lang='lat' dir='ltr'>nimia</span> <span class='ocrx_word' id='word_1_388' title='bbox 1278 4380 1373 4434; x_wconf 83' lang='lat' dir='ltr'>esset.</span> <span class='ocrx_word' id='word_1_389' title='bbox 1407 4368 1516 4447; x_wconf 88' lang='lat' dir='ltr'>Atque</span> 
     </span>
     <span class='ocr_line' id='line_1_40' title="bbox 187 4463 1512 4558; baseline 0.001 -20"><span class='ocrx_word' id='word_1_390' title='bbox 187 4477 259 4539; x_wconf 90' lang='lat' dir='ltr'>vult</span> <span class='ocrx_word' id='word_1_391' title='bbox 281 4474 455 4554; x_wconf 88' lang='lat' dir='ltr'>Xenophon</span> <span class='ocrx_word' id='word_1_392' title='bbox 482 4475 603 4558; x_wconf 80' lang='lat' dir='ltr'>Cyncg.</span> <span class='ocrx_word' id='word_1_393' title='bbox 629 4476 652 4538; x_wconf 94' lang='lat' dir='ltr'>l.</span> <span class='ocrx_word' id='word_1_394' title='bbox 677 4474 787 4556; x_wconf 82' lang='lat' dir='ltr'>1V,c.</span> <span class='ocrx_word' id='word_1_395' title='bbox 816 4484 830 4542; x_wconf 95' lang='grc'>1</span> <span class='ocrx_word' id='word_1_396' title='bbox 858 4463 943 4540; x_wconf 86' lang='grc'><strong>11111</strong></span> <span class='ocrx_word' id='word_1_397' title='bbox 968 4472 1107 4540; x_wconf 86' lang='lat' dir='ltr'>venatici</span> <span class='ocrx_word' id='word_1_398' title='bbox 1130 4473 1167 4536; x_wconf 83' lang='grc' dir='ltr'>τὰ</span> <span class='ocrx_word' id='word_1_399' title='bbox 1192 4466 1251 4538; x_wconf 84' lang='grc' dir='ltr'>ὦτα</span> <span class='ocrx_word' id='word_1_400' title='bbox 1276 4474 1383 4558; x_wconf 83' lang='grc' dir='ltr'><strong>μακρὰ,</strong></span> <span class='ocrx_word' id='word_1_401' title='bbox 1405 4472 1512 4552; x_wconf 79' lang='grc' dir='ltr'><strong>λεπτὰ,</strong></span> 
     </span>
     <span class='ocr_line' id='line_1_41' title="bbox 187 4579 1514 4664; baseline 0.003 -22"><span class='ocrx_word' id='word_1_402' title='bbox 187 4580 258 4664; x_wconf 83' lang='grc' dir='ltr'>ψιλὰ</span> <span class='ocrx_word' id='word_1_403' title='bbox 281 4579 404 4642; x_wconf 76' lang='grc' dir='ltr'>ὄπισθεν</span> <span class='ocrx_word' id='word_1_404' title='bbox 429 4598 509 4645; x_wconf 85' lang='grc'><strong>6116.</strong></span> <span class='ocrx_word' id='word_1_405' title='bbox 545 4581 688 4661; x_wconf 87' lang='lat' dir='ltr'>Accedit,</span> <span class='ocrx_word' id='word_1_406' title='bbox 727 4584 812 4662; x_wconf 92' lang='lat' dir='ltr'>quod</span> <span class='ocrx_word' id='word_1_407' title='bbox 837 4585 940 4647; x_wconf 86' lang='lat' dir='ltr'>cauda</span> <span class='ocrx_word' id='word_1_408' title='bbox 965 4600 1016 4661; x_wconf 91' lang='lat' dir='ltr'>ea,</span> <span class='ocrx_word' id='word_1_409' title='bbox 1043 4599 1107 4661; x_wconf 91' lang='lat' dir='ltr'>qua</span> <span class='ocrx_word' id='word_1_410' title='bbox 1130 4583 1263 4646; x_wconf 91' lang='lat' dir='ltr'>tertium</span> <span class='ocrx_word' id='word_1_411' title='bbox 1287 4583 1368 4647; x_wconf 90' lang='lat' dir='ltr'>illud</span> <span class='ocrx_word' id='word_1_412' title='bbox 1392 4585 1514 4648; x_wconf 85' lang='lat' dir='ltr'>animal</span> 
     </span>
    </p>
   </div>
   <div class='ocr_carea' id='block_1_4' title="bbox 0 0 1796 5328">
    <p class='ocr_par' dir='ltr' id='par_1_7' title="bbox 0 0 1796 5328">
     <span class='ocr_line' id='line_1_42' title="bbox 0 0 1796 5328; baseline 0 3"><span class='ocrx_word' id='word_1_413' title='bbox 0 0 1796 5328; x_wconf 95' lang='lat' dir='ltr'> </span> 
     </span>
    </p>
   </div>
  </div>
 </body>
</html>
