3584 5328
713 304 1013 380 ,44-

1033 499 1060 564 εἰ
1084 500 1167 566 ἐτεὸν
1192 527 1228 583 με

454 601 547 693 ὦρσεν
570 608 639 678 άναξ
660 605 728 679 Διὸς
750 605 810 693 οἱδς
834 605 1033 693 ἀπορνύμενον
1057 607 1226 691 Λυκίηθεν,

240 777 347 836 minus
372 760 592 848 Aeneas,'qui
615 787 686 834 eum
710 771 752 833 ad
774 735 906 834 fortiter
929 770 1141 852 pugnandum
1166 786 1359 834 accensurus
1384 789 1410 833 r.
1439 779 1498 840 171
1523 783 1573 841 sic
1637 851 1644 860 ⁸

240 877 431 957 alloquitur:

409 1079 412 1090 .
451 1031 601 1118 Πάνδαρε,
624 1040 681 1095 ποῦ
705 1055 750 1094 τοι
772 1029 854 1100 τάξον
877 1028 923 1094 'ude‘
946 1029 1118 1116 πτερόεντες
1140 1029 1230 1096 ὀιστοὶ

448 1140 497 1203 καὶ
521 1138 619 1221 κλέος
645 1133 668 1220 ᾧ
692 1139 726 1200 οὔ
749 1139 793 1209 τίς
815 1161 860 1201 τοι
879 1136 1009 1222 ἐρίζεται
1032 1138 1139 1203 ἐνδάδε
1162 1143 1190 1223 γ’
1215 1138 1290 1224 ἀνὴρ

448 1243 517 1310 οὐδὲ
539 1269 581 1317 τις
605 1237 637 1308 ἐν
662 1247 766 1328 Δοκὶρ
791 1243 843 1308 σέο
867 1245 897 1330 γ’
920 1246 1042 1330 εὔχεται
1067 1238 1143 1311 εἶναι
1166 1245 1305 1329 ἀμείνων.

299 1413 390 1495 Quae
415 1431 487 1478 curn
511 1405 681 1474 dissentire
712 1411 811 1489 atque
835 1425 1018 1491 repugnare
1051 1409 1251 1490 riderentur,
1278 1419 1403 1476 veteres
1426 1415 1559 1492 quidem
1637 1476 1640 1489 ,

230 1517 376 1600 fuerunt,
403 1515 462 1599 qui
486 1521 576 1584 nullo
614 1524 742 1603 negotio
772 1519 815 1592 ad
849 1525 1086 1584 consensionem
1127 1525 1376 1598 concentumque
1411 1519 1563 1586 revocari.

121 1706 122 1721 ¹
230 1643 324 1708 posse
347 1634 411 1692 rati
433 1617 589 1699 dicerent,
617 1625 746 1691 Zeleem
769 1625 870 1708 ipsam
894 1642 1019 1705 quoque
1057 1620 1152 1689 sitam
1176 1642 1244 1690 esse
1272 1621 1305 1688 in
1329 1627 1433 1708 Lycia,
1459 1644 1560 1706 quarn

228 1738 268 1799 ut
290 1736 529 1817 distinguerent
552 1753 572 1798 a
595 1732 794 1814 Sarpedonis
816 1741 848 1798 et
871 1731 987 1798 Glauci
1010 1737 1133 1825 patrie,
1152 1730 1251 1816 Lycia
1273 1740 1423 1798 nimirum
1447 1732 1561 1816 Edeta·

228 1837 278 1928 ἔιτι
301 1836 430 1930 δινήεντι
453 1844 527 1918 sita,
553 1845 589 1904 ut
612 1849 661 1906 est
685 1843 709 1908 l.
736 1837 764 1901 V
788 1858 817 1905 ν.
842 1845 917 1919 479,
954 1840 1164 1924 appellarunt
1202 1835 1364 1906 Troicam.
1402 1842 1555 1908 Aristar·

224 1951 299 2026 chus
323 1945 407 2014 enim
432 1951 474 2015 ad
496 1951 521 2015 l.
548 1949 607 2018 llll
632 1967 660 2011 t.
688 1949 748 2012 101
773 1935 827 2026 ὅτι,
855 1942 969 2025 inquit,
994 1941 1054 2006 άπὸ
1078 1949 1132 2027 τῆς
1155 1943 1290 2028 Τρωικῆς
1312 1945 1438 2022 Λυκίας,
1463 1945 1494 2017 ἐξ
1517 1943 1560 2033 ἧς.
1604 1939 1607 1945 ”

224 2037 287 2117 ἐστι
311 2053 477 2141 Πάνδαρος,
501 2057 589 2136 αδδ.
615 2055 645 2119 V
668 2075 696 2123 ν.
724 2062 785 2122 173
813 2061 965 2138 apposuit
987 2053 1107 2135 διπλῆν,
1135 2051 1181 2114 δτι
1204 2049 1258 2134 τὴν
1282 2051 1420 2138 Τρωικὴν
1436 2056 1557 2119 Λοκίαν

222 2143 314 2248 λέχει,
338 2167 380 2256 ad
404 2183 432 2230 ν.
466 2159 527 2234 105
552 2159 596 2225 ὅτι
618 2167 673 2246 τῆς
694 2161 829 2246 Τρωικῆς
852 2157 980 2231 Λυκίας.
1003 2161 1123 2226 Eodem
1148 2163 1278 2226 oonsilio
1302 2164 1420 2230 Strabo
1443 2167 1464 2228 l.
1490 2167 1556 2234 XII

219 2290 249 2340 a.
276 2281 306 2353 4,
331 2271 349 2360 ξ
375 2277 404 2352 6,
428 2289 460 2352 p.
485 2276 548 2340 565
586 2267 706 2352 Λυκίην
730 2266 785 2351 τὴν
806 2263 865 2332 'tuo‘
907 2265 1054 2350 Πανδάρῳ
1092 2270 1181 2352 dicit,
1206 2273 1263 2334 sed
1291 2287 1330 2334 ex
1370 2270 1430 2335 hoc
1451 2273 1550 2349 iden,

219 2383 371 2446 audacior
395 2379 599 2458 Aristarcho,
625 2384 698 2441 nori
722 2376 846 2457 aliquid
870 2373 956 2442 effici
981 2379 1061 2458 rult3
1087 2375 1200 2468 Lycios
1224 2378 1307 2444 enim
1331 2379 1479 2458 appellat
1502 2375 1572 2458 co»,¹

220 2482 314 2551 mites
337 2485 480 2550 Panderi
503 2486 536 2550 et
558 2482 678 2550 incolas
715 2484 828 2549 Zeleae
869 2502 896 2550 u.
927 2491 958 2563 1,
983 2483 1001 2566 ξ
1027 2493 1057 2559 7,
1083 2502 1114 2565 p.
1143 2488 1206 2550 565
1232 2493 1265 2548 et
1289 2487 1313 2552 Ι.
1340 2487 1431 2562 ΧΙΙΙ,
1459 2508 1487 2553 ο.
1518 2495 1554 2563 1,
1631 2526 1633 2540 ι

219 2594 237 2678 ξ
274 2599 326 2673 33,
366 2610 398 2673 p.
440 2599 503 2660 596
540 2600 638 2672 atque
676 2597 721 2657 sic
755 2588 915 2689 appellari
951 2591 1004 2656 eos
1038 2592 1079 2657 ab
1112 2591 1250 2656 Homero
1285 2588 1425 2657 affirmat
1461 2592 1480 2676 ξ
1514 2598 1546 2672 9,

218 2720 250 2783 p,
276 2707 338 2768 586
364 2696 482 2768 τοάτοος
523 2695 627 2761 ἐκάλει
650 2696 698 2760 καὶ
720 2697 864 2787 Λοκίοος,
889 2698 907 2780 ξ
932 2706 961 2776 7,
986 2717 1023 2780 ρ,
1048 2705 1123 2766 585;
1161 2695 1187 2759 οἱ
1222 2696 1279 2760 ὑπὸ
1313 2695 1461 2780 Πανδάρῳ
1485 2698 1555 2762 ni-

218 2828 284 2886 κιαι,
315 2802 364 2876 οὓς
387 2804 437 2868 καὶ
461 2801 570 2874 αὐτοὺς
592 2806 681 2866 καλεῖ
705 2805 817 2887 Τρῶας.
856 2804 927 2886 Qua
950 2801 984 2868 in
1009 2824 1044 2872 re
1067 2823 1141 2872 eum
1164 2795 1197 2869 in
1221 2824 1364 2870 errorem
1400 2825 1470 2871 esse
1493 2810 1553 2874 de-

219 2914 347 2996 lapsum
372 2908 579 2977 manifestum
603 2918 663 2994 eet;
688 2911 777 2976 nullo
801 2919 886 2975 enim
910 2912 978 2979 loco
1002 2911 1163 2998 Homerus
1185 2911 1329 2978 Pandari
1369 2914 1468 2979 socios
1493 2933 1552 2996 ap-

218 3023 320 3101 pellat
344 3020 468 3104 Lycios

284 3132 356 3209 Ipse
381 3133 462 3192 enirn
488 3127 660 3192 Pandarus
683 3133 711 3190 st
734 3144 797 3190 non
820 3125 842 3190 1.
869 3125 897 3188 V
922 3145 951 3193 r.
979 3129 1054 3204 102,
1081 3126 1136 3190 ubi
1158 3129 1313 3193 Diomede
1337 3128 1511 3191 vulnerato

322 3284 456 3370 ὄρνοσδε,
482 3283 599 3367 inquit,
622 3287 724 3370 Τρῶες
748 3245 942 3375 μεγάθυμοι,
955 3283 1093 3382 κέντορες
1113 3285 1211 3350 ἵππιον

214 3484 256 3496 -
273 3449 331 3512 hoc
355 3455 438 3513 entm
462 3450 530 3512 loco
553 3446 627 3513 fieri
650 3448 755 3528 potest
779 3456 816 3510 ut
840 3387 948 3513 ornneks
987 3449 1143 3514 Troianos
1165 3450 1435 3530 alloquatur-at
1456 3458 1548 3517 certe

213 3573 245 3618 τ.
273 3561 350 3632 200,
376 3552 434 3618 ubi
458 3555 566 3636 peter,
592 3561 705 3635 inquit,
803 3631 813 3648 Ι,

531 3711 664 3776 ἵπποισίν
689 3715 719 3794 μ’
744 3709 887 3776 ἐκέλευσε
910 3713 960 3776 καὶ
982 3712 1106 3804 ἅρμασιν
1126 3712 1303 3805 ἐμβεβαῶτα

424 3816 563 3905 ἀρχεύειν
587 3816 732 3903 Τρώεσσι,

211 3969 243 4026 et
266 3980 295 4025 ν.
321 3969 385 4030 210

786 4105 836 4170 ὅτε
859 4107 951 4172 Ἴλιον
975 4104 1018 4182 εἰς
1041 4107 1197 4194 ἐρατεινὴν

423 4207 560 4296 ἡγεόμην
584 4211 732 4296 Τρώεσσι,
759 4209 855 4297 φέρων
879 4212 964 4301 χάριν
986 4213 1109 4301 Ἕκτορι
1132 4215 1195 4299 δίῳ,

206 4377 308 4440 socios
332 4389 402 4436 suos
426 4375 582 4464 Troianos!
602 4376 758 4457 appellat.
1451 4459 1453 4464 Ι

274 4477 476 4542 Aristonicus
500 4486 583 4544 enim
607 4484 763 4562 quosdam
799 4483 912 4562 tradit,
951 4480 1097 4568 ignaros,
1125 4485 1169 4548 ὅτι
1192 4483 1336 4584 λέγονται
1354 4489 1403 4553 καὶ
1427 4487 1455 4553 οἱ
1478 4488 1540 4555 tud

206 4579 364 4667 Πάνδαρον
388 4585 544 4669 (attende,
568 4605 630 4650 non
653 4585 731 4653 eddi
750 4586 873 4675 Λύκιοι)
908 4595 1019 4690 Τρῶες,
1055 4590 1260 4663 scribendum
1294 4607 1423 4679 putasse
1445 4595 1537 4684 ἡγεὸ.
