3584 5328
817 300 1029 417 ...ς’-

256 542 314 604 ille
338 528 517 606 commotus
539 544 582 606 ad
605 540 695 606 illam
719 537 843 624 ἀπορίαν
866 544 1053 608 soluendam
1078 519 1271 608 hane'riam
1296 541 1459 622 putaverit
1474 551 1591 610 ineun-

136 669 138 677 ⁴
257 650 341 724 dam,
367 665 427 712 non
451 654 500 712 est
523 641 652 714 difficile
676 648 859 754 coniectura
888 647 1029 728 assequi.
1057 649 1176 730 Nempe
1200 647 1321 731 duplici
1345 649 1504 734 Phrygia3
1531 655 1588 720 ad-

123 804 131 820 ,
208 795 210 805 ,
256 761 345 820 notat
369 761 452 819 enim
476 755 519 821 ad
552 755 576 822 l.
613 754 645 818 II
684 772 714 821 v,
741 761 804 824 862
841 748 978 816 οὗτοι-δὲ
1002 759 1056 837 τῆς
1096 761 1198 836 μικρᾶς
1235 751 1291 818 sim
1328 755 1472 838 Φρυγίας.
1498 759 1588 826 Haeo

165 889 168 896 ¹
256 863 365 928 autem
389 863 510 926 dudum
535 868 605 926 erat
628 869 714 941 nota3
738 878 812 925 nam
846 857 966 942 μεγάλη
990 859 1107 945 Φρυγία
1144 865 1193 926 est
1231 865 1321 944 apud
1345 865 1586 946 Xenophontem

256 967 360 1038 instit.
387 964 507 1053 cyril.
533 967 605 1045 Vll,
631 985 659 1034 o.
683 974 713 1048 t,
737 967 755 1051 ξ
781 968 969 1046 daivill,
995 986 1023 1032 o.
1052 975 1083 1048 6,
1110 968 1127 1051 ξ
1153 977 1182 1047 7,
1220 965 1238 1050 ἡ
1277 964 1349 1052 πρὸς
1372 967 1590 1053 Ἑλλησπόντῳ

248 1080 278 1144 i.
303 1080 345 1156 ΙΙ,
369 1095 394 1142 c.
421 1078 452 1158 1,
478 1076 497 1160 ξ
522 1083 552 1154 5,
580 1073 699 1158 Φρύγες
722 1071 884 1159 ἀμφότεροι
907 1083 1017 1139 autom
1040 1075 1103 1149 li,
1130 1077 1583 1162 e.5,§3etv1‚o.2,§10.

323 1185 413 1248 Unus
436 1184 619 1268 Stephanus
641 1183 719 1266 Byz.
747 1185 887 1248 breuiter
912 1176 1033 1262 Ζέλεια,
1057 1185 1172 1264 inquit,
1208 1181 1292 1252 πόλις
1315 1181 1455 1268 Τρωάδος
1479 1205 1588 1268 neque

255 1311 283 1358 s.
310 1312 338 1355 v.
364 1287 465 1352 Λονία
488 1289 665 1371 quidquam
690 1291 769 1354 dicit
792 1291 832 1354 de
856 1291 977 1371 duplici
1001 1286 1113 1373 Lycia.

323 1397 412 1479 Quod
436 1395 576 1478 denique
613 1395 731 1462 Strabo
755 1399 795 1462 de
824 1398 951 1461 colonia
988 1393 1157 1480 Lyciorum
1193 1404 1226 1461 in
1262 1397 1435 1478 Troadem,
1464 1407 1500 1461 ut
1523 1407 1583 1478 ait,

255 1507 393 1571 deducta
415 1503 523 1584 fingit,
549 1506 582 1567 id
606 1504 704 1568 rebus
734 1510 820 1568 certe
842 1520 881 1568 ca
903 1509 1021 1580 aetate,
1048 1520 1143 1582 quam
1169 1499 1304 1568 historia
1327 1507 1582 1585 complectimur,

206 1601 211 1618 '
255 1617 356 1694 gestis
378 1595 700 1690 non'comprobatur,
724 1614 750 1670 si
784 1609 915 1687 quidem
948 1617 1035 1673 recte
1067 1606 1098 1672 i.
1127 1606 1156 1674 i.
1181 1607 1341 1674 Baehofen
1365 1606 1398 1672 in
1422 1609 1506 1676 lihro
1529 1620 1585 1691 qui

255 1714 444 1783 inscribitur
467 1719 534 1784 Das
557 1711 699 1798 iyhische
723 1713 806 1780 Volk
830 1717 895 1779 und
919 1721 1006 1779 seins
1029 1713 1223 1799 Bedeutung
1261 1715 1316 1780 fur
1351 1713 1402 1780 die
1426 1715 1586 1784 lintwiok-

255 1829 336 1912 lung
358 1829 415 1893 des
439 1825 653 1905 Alterthums,
690 1821 775 1888 edito
813 1842 844 1888 a.
871 1823 1120 1904 MDCCOLXIL
1158 1843 1188 1906 p.
1215 1829 1256 1892 20
1294 1813 1395 1908 negat
1419 1829 1585 1907 proprium

254 1931 352 1998 fuisse
375 1934 544 2014 Lyciorum
566 1932 740 1996 inventutis
763 1949 903 2014 peregre
926 1934 1017 1996 abire
1049 1934 1091 1997 ad
1135 1950 1229 1996 novas
1253 1935 1342 1997 sedes
1367 1935 1581 2012 quaerendas.

323 2037 508 2105 Aristarchi
546 2046 655 2104 autem
691 2039 926 2118 Strabonisque
956 2046 1116 2104 sententia
1145 2058 1207 2104 non
1243 2041 1345 2104 solum
1369 2037 1416 2103 eis
1448 2041 1585 2123 placuit,

254 2157 309 2230 qui
333 2150 411 2228 quid
434 2147 597 2212 Homerus
621 2149 660 2211 de
685 2147 761 2211 orbe
784 2154 950 2210 terrarum
975 2154 1113 2212 senserit
1138 2150 1387 2228 descripserunt,
1412 2154 1447 2209 ut
1471 2147 1512 2210 A.
1540 2145 1580 2212 G.

255 2255 436 2338 Schlegeiic
460 2260 492 2318 in,
527 2249 796 2322 commentatione
821 2254 860 2316 de
885 2252 1086 2336 geographia
1123 2252 1304 2332 Homerica,
1332 2260 1471 2333 primum
1496 2256 1587 2320 edita

253 2381 283 2432 a.
309 2349 619 2438 Mnoohxxxvii,
640 2367 709 2423 tum
732 2367 763 2423 in
788 2355 962 2441 Opusoulis
977 2359 1078 2424 latine
1094 2355 1224 2441 seriptis
1243 2362 1286 2425 ab
1302 2361 1364 2425 Ed.
1383 2357 1585 2444 Boechingio

251 2489 282 2535 a.
299 2466 586 2537 MDCCCXLVIII
609 2461 718 2544 editis,
748 2467 803 2530 sed
827 2472 924 2530 etiam
948 2462 1088 2532 omnium
1112 2465 1191 2535 iere.
1219 2463 1276 2546 qui
1299 2465 1432 2531 Homeri
1456 2484 1584 2532 carmen

252 2572 466 2656 explicarunt,
491 2590 656 2638 assensum
679 2580 848 2638 consecuta
871 2580 954 2638 est..

320 2683 412 2746 Unus
437 2680 571 2748 Carolus
595 2679 743 2756 FeIIows,
769 2678 860 2743 homo
885 2681 924 2744 de
948 2676 1047 2762 Lycia
1075 2680 1338 2762 pervestiganda,
1367 2677 1451 2744 sieut
1475 2693 1587 2745 omnes

251 2789 369 2868 sciunt,
396 2785 516 2869 optime
541 2784 684 2864 meritus,
706 2794 740 2850 in
767 2788 850 2851 libro
873 2787 932 2865 qui
954 2783 1144 2851 inscribitur
1167 2786 1303 2852 Trarels
1322 2789 1385 2851 and
1402 2788 1585 2852 researches

251 2895 286 2962 in
310 2898 389 2962 Asia
413 2892 528 2972 minor,
555 2913 641 2959 more
668 2891 886 2977 particularly
910 2901 943 2958 in
967 2894 1022 2958 the
1047 2901 1197 2973 province
1213 2892 1248 2959 of
1268 2894 1372 2978 Lycia,
1391 2895 1530 2961 Londini
1548 2914 1584 2962 a.

216 3039 219 3044 ·
252 2999 455 3071 MDCOOLII
479 2997 595 3096 emisso
619 3019 639 3065 a
661 3019 737 3084 pag.
763 3018 864 3080 usque
888 3005 952 3066 413
968 2996 1059 3066 illam
1083 2995 1299 3079 quaestionem
1324 3007 1371 3065 ita
1398 3002 1583 3066 solvendam

251 3119 390 3196 putavit,
418 3113 453 3174 ut
476 3105 614 3196 diceret,
640 3116 766 3190 poetam
789 3115 822 3172 in
847 3126 990 3173 errorem
1016 3110 1174 3188 quendam
1211 3103 1379 3173 inductum
1404 3103 1512 3188 Τλώς,’
1528 3128 1582 3192 opn

251 3216 363 3301 pidum
387 3212 514 3297 Lyciae,
540 3224 573 3282 et
597 3233 703 3280 vocem
729 3213 812 3298 Τρὼς
834 3217 921 3279 inter
944 3232 979 3279 se
1002 3211 1249 3295 comminuisse,
1268 3213 1455 3280 Pandarum
1471 3233 1583 3298 regem

251 3324 351 3390 fuisse
374 3319 489 3406 Lyciae
512 3323 786 3404 septentrionalia,
811 3319 1033 3402 Sarpedonem
1058 3320 1288 3388 meridionalis.
1330 3321 1434 3402 Quam
1457 3329 1582 3390 senten-

251 3430 330 3496 tiam
355 3430 576 3510 comprobatit
599 3430 635 3493 P.
660 3431 699 3494 A.
724 3431 821 3512 Poley
844 3430 1010 3511 popularis
1048 3425 1119 3493 eius
1142 3425 1175 3491 in
1204 3428 1435 3494 commentario
1471 3427 1585 3494 Iliadis

251 3557 282 3607 a.
306 3535 556 3606 MDocci-txvi
580 3543 693 3601 emisso
717 3535 773 3616 (ad
797 3537 819 3599 l.
846 3534 878 3598 II
903 3552 932 3598 v.
959 3539 1036 3614 sai,
1063 3533 1144 3601 Vr.
1172 3543 1235 3603 200
1260 3543 1292 3600 et
1317 3537 1404 3614 aii).

319 3640 401 3707 Mihi
424 3650 532 3708 autem
557 3659 610 3706 res
635 3627 733 3708 aliter
747 3660 791 3732 ¹se
815 3642 939 3707 hahere
964 3645 1104 3709 uidetur.
1130 3645 1244 3709 Audeo
1260 3643 1377 3722 dicere,
1397 3641 1584 3708 Pandarum

252 3750 285 3815 in
308 3754 377 3833 ipsa
401 3749 498 3832 Lycia
521 3752 563 3814 ad
587 3748 754 3817 Xanthum
778 3748 902 3814 flumen
926 3756 988 3814 sita
1020 3747 1131 3816 fuisse.
1175 3749 1267 3830 Quod
1301 3754 1505 3833 argumentis
1544 3769 1583 3815 ex

252 3855 439 3923 animalium
464 3857 584 3922 natura
607 3853 743 3939 sumptis
767 3857 977 3937 comprobare
1002 3859 1170 3922 conabor·

319 3963 510 4030 Oonieeerat
534 3965 695 4043 quondam
720 3955 794 4045 αἶγα
817 3959 928 4044 ἄγριον.
960 3961 1018 4026 Est
1038 3969 1124 4028 enim
1145 3964 1167 4026 l.
1193 3965 1257 4030 Illi
1281 3982 1308 4027 v.
1337 3967 1397 4032 105
1422 3979 1503 4044 sqq.r

464 4137 559 4206 αὐτίκ’
584 4137 676 4204 ἐσύλα
699 4136 778 4209 τόξον
803 4137 902 4208 ἐύξοον
924 4135 1023 4211 ἰξάλου
1048 4136 1131 4224 αἰγὸς

464 4243 578 4330 ἀγρίου,
604 4246 635 4307 ὅν
660 4243 696 4330 ‘poi
720 4249 785 4308 ποτ’
810 4244 898 4316 αὐτὸς
922 4244 979 4309 ὑπὸ
1003 4244 1135 4331 στέρνοιο
1159 4243 1293 4332 τυχήσας

463 4351 572 4437 πέτρης
597 4351 783 4436 ἐκβαίνοντα,
811 4351 991 4439 δεδεγμένος
1015 4352 1047 4416 ἐν
1064 4354 1252 4437 προδοκῇσιν,

465 4455 608 4544 βεβλήκει
631 4456 850 4550 πρὸςρσαῆίλος·
876 4457 891 4521 ὃ
916 4461 943 4522 δ’
967 4460 1066 4530 ὕπτιος
1089 4460 1201 4542 ἔμπεσε
1224 4458 1328 4544 πέτρῃ.

461 4573 513 4628 τοῦ
537 4562 608 4649 κε’ρα
632 4563 665 4628 ἐκ
690 4567 825 4651 κεφαλῆς
849 4564 1088 4650 ἑκκαιδεκάδωρα
1112 4565 1247 4651 crepitet.

1493 4604 1506 4632 ν
