3584 5328
785 343 1051 418 '-26.-

278 561 317 607 ex
341 542 403 608 Od.
429 546 451 612 i.
474 539 542 610 XII
562 565 591 609 ν.
618 553 681 614 186
707 543 803 628 όμέων
827 541 993 628 μελίγηρυν
1017 539 1076 606 άπὸ
1100 543 1250 626 στομάτων
1273 544 1322 606 ὄπ’
1339 541 1465 606 ἀκοῦσαι
1482 551 1610 608 mulua-

278 658 330 715 tus
353 659 401 716 est
426 660 520 733 atque
543 671 583 718 ne
606 651 763 733 pluralem
796 655 924 732 quidem
950 652 1098 732 mutarit,
1123 646 1156 711 ἐν
1181 655 1260 730 νομῷ
1284 648 1358 730 ὅλης
1381 669 1419 714 ex
1443 649 1504 714 Od.
1535 651 1558 714 l.
1579 653 1609 717 X

279 773 321 822 7.·
337 765 410 836 159;
435 761 571 840 denique
594 757 731 840 πυμάταν
756 755 798 829 εἰς
823 756 1008 843 Ἀχέροντος
1032 756 1097 819 ὁδόν
1121 777 1160 823 ex
1179 760 1292 822 eodem
1313 755 1408 834 libro,
1425 755 1483 822 ubi
1498 775 1525 822 ν.
1545 763 1608 824 512

276 866 400 947 legitur
425 862 468 935 εἰς
492 864 603 934 Ἀίδεω
639 863 718 928 ἰέναι
754 862 854 948 δόμον,
894 885 924 932 ι.
967 867 1030 929 513
1054 861 1097 934 εἰς
1122 863 1289 948 Ἀχέροντα
1318 861 1552 947 Πυριφλεγέθων
1575 885 1608 925 τε

278 967 378 1053 ῥέουσι
400 969 542 1042 Κώκυτός
564 969 594 1032 δ’
619 974 696 1051 κτλ,
723 969 863 1037 ostendit
887 979 1014 1052 poetam
1038 972 1143 1037 studio
1168 974 1306 1036 novandi
1320 968 1494 1035 Homerica
1509 973 1609 1037 rerba

276 1081 315 1142 ad
341 1085 479 1162 ineptias
504 1081 682 1160 delapsum.
709 1081 745 1145 ln
770 1097 819 1161 ep.
846 1083 981 1159 denique
1007 1085 1070 1146 647
1106 1074 1200 1142 initio
1237 1074 1333 1142 tacite
1357 1083 1544 1160 agnoscitur
1567 1078 1607 1141 ll.

276 1188 300 1252 I.
327 1186 405 1252 XVI
428 1204 459 1252 v.
487 1189 505 1249 9
531 1183 623 1268 κοόρη
647 1184 746 1248 εἱανοῦ
771 1183 926 1269 ἁπτομένη
952 1182 1103 1270 (μητρός),
1131 1181 1315 1266 δακρυόεσσα
1335 1181 1379 1264 δέ,
1402 1192 1433 1248 in
1462 1175 1531 1245 αὖθι
1554 1180 1608 1266 με’-

276 1315 334 1362 νοις
358 1291 438 1377 παρόι
462 1293 550 1377 πατρὶ
572 1297 594 1358 l.
618 1297 647 1360 X
672 1314 700 1361 v,
727 1300 789 1362 209
813 1287 885 1356 αὖθι
908 1291 1007 1376 μένειν
1024 1291 1103 1375 παρὰ
1128 1289 1244 1374 νηυσίν,
1270 1301 1303 1358 ln
1329 1289 1424 1360 τέκοις
1449 1290 1498 1353 ἐπὶ
1521 1289 1608 1372 λῴονι

275 1398 363 1484 μοίρᾳ
387 1403 412 1466 I.
438 1404 453 1468 I
476 1421 504 1467 ν.
530 1408 594 1468 418
619 1407 659 1480 τῷ
683 1425 717 1462 σε
741 1408 821 1482 κακή
847 1400 919 1481 αἴση
942 1397 1031 1461 τέκον
1068 1395 1100 1461 έν
1136 1395 1305 1482 μεγάροισιν
1332 1403 1409 1464 etl.
1433 1398 1463 1462 V
1487 1417 1516 1466 v.
1544 1403 1606 1479 I54

274 1505 334 1568 υἱόν
355 1507 382 1568 δ’
406 1503 562 1569 οί)’τέκετ’
600 1505 703 1588 ἄλλον,
743 1503 910 1589 κηδεμόνες
949 1509 1056 1573 aulem
1081 1509 1236 1579 teruntur
1275 1508 1299 1572 l.
1333 1508 1443 1574 XXIII
1485 1525 1515 1569 ν.
1543 1510 1605 1571 163

274 1623 306 1678 et
331 1621 407 1683 674.

341 1721 405 1802 llo.
430 1729 538 1786 aulem
564 1726 625 1790 113
655 1739 727 1786 tum
763 1728 795 1784 ln
829 1717 923 1786 libris
956 1729 999 1784 slt
1034 1739 1095 1786 non
1132 1718 1315 1804 όαοότριχος,
1351 1723 1407 1784 sed
1443 1716 1604 1804 διάτριχος,

273 1827 446 1914 τανύτριχα
469 1826 688 1909 scribendum,
713 1830 799 1908 quod
822 1828 1001 1908 epithetum
1037 1845 1154 1910 caprae
1183 1829 1306 1911 legitur
1330 1825 1461 1893 Hesiodi
1484 1826 1547 1908 Op.
1571 1847 1603 1895 ν.

275 1944 351 2004 516.
388 1939 557 2004 Interdum
592 1933 675 2001 enim
709 1953 881 2018 caprarum
911 1935 1053 2001 ferarum
1079 1937 1162 2016 pilos
1185 1946 1217 2002 tn
1242 1933 1437 2015 quibusdam
1463 1932 1606 2016 eorporis

271 2039 421 2124 partibus
444 2060 546 2123 paene
569 2040 675 2108 instar
699 2045 795 2109 iubae
819 2062 886 2108 esse
911 2044 1032 2108 Lorenz
1055 2049 1171 2108 auctor
1195 2052 1242 2108 est
1266 2061 1300 2123 p.
1326 2051 1400 2111 859.

340 2150 387 2214 Ne
411 2150 602 2216 Philostrati
624 2154 753 2232 quidem
777 2169 873 2214 arcus
897 2169 932 2214 re
957 2169 1034 2216 uera
1070 2153 1196 2216 ridetur
1232 2147 1339 2227 fuisse,
1369 2152 1423 2214 sed
1447 2146 1535 2213 idem
1558 2156 1606 2212 est

271 2263 328 2338 qni
352 2259 503 2324 Pandari.
529 2257 664 2340 Legitur
702 2265 786 2322 enim
825 2262 1003 2341 imaginum
1028 2260 1051 2321 l.
1076 2261 1101 2338 l,
1129 2262 1169 2324 io
1201 2261 1256 2337 τῆς
1279 2253 1373 2340 λύρας
1409 2251 1441 2317 τὸ
1476 2255 1604 2338 σόφισμα

272 2371 385 2448 πρῶτος
408 2362 522 2445 Ἑρμῆς
546 2362 695 2448 πήξασθαι
718 2362 841 2450 λέγεται
864 2363 1001 2448 κεράτοιν
1026 2366 1109 2427 δυοῖν
1125 2365 1175 2429 καὶ
1189 2369 1280 2449 ζυγοῦ
1304 2365 1354 2429 καὶ
1377 2364 1500 2450 χέλυος·
1572 2364 1604 2425 τὸ

271 2468 325 2550 μέν
349 2471 404 2556 γὰρ
428 2471 518 2554 κέρας
542 2468 625 2554 αίχὸς
649 2467 749 2540 ἰξάλου
773 2471 894 2554 ποιηταί
928 2495 1009 2556 φασι,
1048 2478 1158 2558 χρῆται
1182 2472 1215 2535 δὲ
1240 2471 1358 2553 αι’)τῷό
1391 2472 1446 2553 μέν
1470 2469 1606 2554 μουσικὸς

271 2578 303 2648 ἐς
325 2576 381 2661 τήν
413 2576 515 2662 λόραν,
543 2578 557 2640 ὁ
583 2578 616 2641 δέ
640 2578 761 2660 τοξότης
785 2577 816 2649 ἐς
840 2577 876 2642 τοί
900 2575 1009 2648 οἰκεῖα.
1028 2579 1144 2662 μέλανα
1168 2579 1218 2642 καὶ
1241 2579 1385 2662 πριονωτοῖ
1409 2580 1479 2663 ὁρᾷς
1501 2580 1538 2641 τὰ
1556 2579 1604 2642 κέ-

271 2707 346 2769 ρατα
369 2683 420 2748 καί
442 2685 522 2747 δεινὰ
547 2682 691 2770 ἐναράξαι.
716 2685 783 2756 ξόλα
807 2686 852 2767 δέ,
880 2685 955 2748 ὅσων
980 2688 1030 2748 δεῖ
1053 2693 1091 2768 πή
1115 2686 1198 2770 λόρᾳ,
1222 2684 1310 2757 πόξου
1343 2685 1439 2750 πάντα
1462 2691 1604 2770 στρυφνοῦ

211 2831 219 2847 .
270 2791 322 2855 acl
343 2791 429 2855 λείου
453 2789 503 2855 τὸν
528 2793 606 2863 ὄζον.
632 2795 693 2858 Hic
716 2792 820 2877 igitur
845 2805 912 2878 ipse
945 2813 1071 2877 quoque
1110 2796 1243 2860 Homeri
1280 2813 1451 2860 memorem
1477 2814 1511 2861 se
1534 2813 1604 2861 esse

268 2901 403 2982 fatetur,
428 2920 500 2966 eum
523 2898 556 2961 τὸ
581 2898 670 2985 κέρας
694 2897 776 2983 αἰγὸς
800 2897 899 2972 ἰξάλου
916 2906 1012 2968 dicat.
1031 2903 1093 2970 Sed
1107 2911 1139 2968 in
1155 2905 1270 2968 eeterIs
1285 2899 1498 2969 eruditionem
1515 2919 1603 2966 suam

271 3013 354 3074 male
374 3017 525 3077 ostentat:
552 3018 622 3090 quis
647 3011 730 3074 enim
755 3027 897 3090 unquam
921 3020 1092 3076 memoriae
1132 3013 1275 3092 prodidit
1298 3012 1508 3087 Mercurium,
1532 3026 1602 3073 cum

270 3118 374 3200 lyram
399 3114 570 3196 inueniret,
596 3113 738 3199 aegagri
761 3114 912 3182 cornibus
948 3135 1016 3182 esse
1051 3136 1144 3182 usum
1168 3122 1209 3183 ad
1233 3115 1294 3182 illa
1318 3115 1430 3200 κέρατα
1453 3124 1520 3182 sire
1543 3112 1603 3198 πή-

268 3227 348 3306 χειςῖ
372 3224 462 3306 Quis,
488 3230 514 3289 si
540 3223 613 3306 quis
636 3228 694 3293 hoe
732 3236 897 3304 narraret,
924 3229 1089 3295 erederet.l
1132 3230 1242 3294 Nonne
1271 3229 1349 3292 satis
1372 3221 1510 3310 magnae
1533 3234 1603 3291 erat

269 3329 434 3411 fortunae,
461 3334 546 3412 quod
570 3329 605 3395 in
629 3342 775 3414 tempore
813 3337 942 3398 testudo
966 3332 996 3398 ei
1021 3336 1052 3398 in
1078 3353 1190 3398 manus
1213 3332 1346 3401 incidit?
1384 3335 1468 3398 Num
1491 3336 1603 3398 ereda-

269 3455 339 3500 mus
362 3445 486 3503 tantam
509 3438 612 3503 feram
637 3458 701 3504 una
725 3459 796 3506 eum
821 3439 984 3506 testudine
1009 3461 1085 3506 casu
1109 3440 1140 3506 ei
1164 3444 1305 3508 oblatam
1345 3443 1430 3508 esse?
1446 3439 1603 3506 ¹Profecto

268 3542 512 3610 admirationem
548 3555 662 3623 movet,
690 3550 775 3628 quod
814 3567 887 3612 cum
923 3552 964 3614 de
1001 3548 1068 3615 fide
1092 3550 1362 3616 Philostratorum
1386 3555 1604 3614 controversia

268 3660 339 3718 orta
362 3660 455 3731 esset,
480 3651 514 3719 O.
540 3650 762 3732 Friederiehs,
791 3657 832 3721 H.
860 3656 986 3732 Brenn,
1012 3661 1067 3723 Fr.
1092 3657 1187 3732 Matr,
1224 3658 1282 3720 alii
1306 3665 1479 3720 nouitatem
1508 3655 1601 3718 huius

268 3766 316 3823 rei
336 3761 572 3842 neglegebant.
596 3759 681 3842 Quid
705 3765 789 3841 quod
815 3763 873 3827 hoo
897 3781 1026 3843 quoque
1050 3760 1158 3828 minus
1174 3772 1222 3828 est
1238 3773 1306 3830 veri
1330 3765 1448 3844 simile,
1473 3765 1601 3827 omnino

266 3864 375 3930 statim
400 3871 493 3932 initio
517 3859 626 3948 πήχεις
660 3885 728 3932 esse
751 3886 771 3932 a
795 3867 956 3932 Mercurio
993 3867 1119 3935 additos
1153 3872 1271 3935 nedum
1310 3872 1428 3954 septem
1454 3869 1598 3934 chordas.

267 3971 467 4053 Quamquam
492 3973 614 4055 legitur
637 3974 695 4038 hoe
719 3973 825 4057 hymni
850 3983 882 4038 in
907 3975 1102 4042 Mercurium
1130 3995 1160 4042 ν.
1186 3985 1227 4044 47
1253 3994 1321 4058 sqq.

481 4167 555 4249 πηξε
580 4168 607 4228 δ’
631 4167 678 4251 ἄρ’
703 4165 734 4228 ἐν
760 4165 886 4250 μέτροισι
908 4169 1009 4249 ταμὼν
1034 4168 1159 4242 δόνακας
1182 4172 1337 4252 καλάμοιο,

478 4269 618 4356 τετρήνας
643 4272 689 4335 διὰ
713 4282 791 4336 νῶτα
816 4274 992 4361 λιθορρίνοιο
1015 4275 1166 4363 χελώνης·

478 4377 556 4463 άμφί
580 4379 614 4439 δὲ
639 4379 732 4463 δέρμα
755 4378 877 4462 τάνυσσε
901 4382 966 4466 βοὸς
990 4383 1181 4468 πραπίδεσσιν
1206 4382 1288 4467 ἑῇσιν

479 4483 530 4548 καί
554 4484 663 4569 πήχεις
688 4485 826 4571 ἐνέθηκ’,
853 4485 906 4550 ἐπί
928 4489 961 4551 δὲ
986 4490 1074 4576 ζυγὸν
1097 4489 1209 4576 ἤραρεν
1233 4489 1356 4574 ἀμφοῖν,

479 4591 555 4654 ἑπτὰ
579 4592 611 4653 δὲ
636 4591 809 4678 συμφώνους
833 4593 902 4657 ὀίων
936 4594 1117 4662 ἑτανόσσατο
1141 4597 1263 4683 χορδάς,
